3386 4986
771 311 992 369 ..52-

281 504 375 566 habet
413 503 462 584 (cf.
485 503 553 566 adn.
579 503 641 582 30),
683 501 770 581 sequi
802 501 902 564 subito
934 503 1033 580 desiit,
1065 503 1110 566 ita
1135 482 1339 566 Ruhnkenius
1360 505 1482 586 putavit

282 609 374 672 istum
406 609 616 672 historicorum
649 608 786 670 ordinem
819 611 856 671 ab
889 595 1109 672 Alexandrinis
1141 611 1275 673 alienum
1295 631 1374 674 esse.
1420 610 1481 674 Sed

282 717 364 798 apud
397 719 519 777 veteres
558 715 721 798 scriptores
761 716 814 776 ubi
852 718 976 778 tandem
1008 717 1219 780 historicorum
1251 719 1416 800 heptadem
1437 718 1481 779 11-

281 819 389 884 venit?
427 819 533 882 Cicero
556 823 595 883 de
619 825 694 884 orat.
718 823 763 898 II,
789 827 839 899 18,
864 831 904 887 55
930 845 996 906 sqq.
1043 825 1243 900 Herodotum,
1260 824 1482 907 Thucydidem,

283 927 452 1004 Philistum,
487 927 726 1010 Theopompum,
765 929 930 1012 Ephorum,
969 931 1215 1012 Xenophontem,
1253 929 1481 1009 Callisthenem,

284 1033 439 1096 Timaeum
472 1035 578 1116 aequis
610 1036 674 1096 fere
706 1036 848 1097 laudibus
882 1037 1009 1098 ornavit.
1057 1036 1170 1100 Contra
1192 1038 1359 1119 Dionysius
1381 1039 1481 1102 Helio.

282 1159 312 1220 p.
339 1143 399 1202 767
417 1139 456 1203 R.
479 1142 528 1222 (cf.
545 1164 574 1223 p.
599 1147 664 1206 424
687 1145 766 1223 sqq.)
788 1143 934 1205 minorem
956 1163 1114 1204 numerum
1139 1144 1275 1206 seiunxit
1298 1149 1390 1226 atque
1412 1139 1483 1224 „ete

280 1242 422 1332 μίμησιν
455 1240 766 1333 ἕπιτηὼειοτοὶτουςα
799 1248 991 1312 Herodotum
1022 1255 1056 1312 et
1088 1250 1301 1332 Thucydidem
1324 1252 1482 1334 01110110-

281 1355 427 1438 phontem
451 1360 483 1418 et
505 1357 665 1418 Philistum
689 1360 720 1417 et
744 1355 972 1438 Theopompum
995 1358 1225 1422 commendavit.
1272 1355 1365 1419 Cuius
1387 1361 1485 1420 verba

284 1461 491 1532 Quintilianus
525 1483 706 1542 quamquam
730 1463 894 1544 exscripsit
916 1461 972 1547 (X,
998 1469 1026 1540 1,
1052 1469 1092 1526 73
1117 1465 1205 1545 sqq.),
1229 1468 1332 1526 tamen
1354 1485 1416 1527 non
1434 1486 1481 1528 re-

283 1569 411 1646 cusavit,
448 1569 521 1650 quin
562 1569 624 1630 illis
661 1570 848 1632 adderentur
880 1570 1022 1652 Ephorus
1045 1607 1087 1616 -
1111 1591 1201 1650 quem
1225 1571 1349 1652 quidem
1372 1570 1484 1635 Strabo

282 1676 370 1738 XIII
402 1698 431 1758 p.
464 1681 527 1738 622
562 1675 741 1757 scriptorem
772 1697 833 1738 non
865 1672 1076 1762 „apcds'rsc“,
1109 1679 1165 1738 scd
1197 1667 1339 1764 ,μνήμης
1368 1667 1484 1756 ι’)ἷξιονιι

283 1783 365 1846 dixit
386 1819 428 1830 -
453 1785 486 1844 ct
518 1779 688 1845 Clitarchus
721 1785 753 1845 et
781 1784 970 1864 Timagenes.
1017 1785 1252 1866 Xenophontem
1276 1790 1379 1847 autem
1400 1785 1483 1847 inter

283 1889 478 1972 philosophos
509 1888 589 1951 sicut
621 1889 837 1966 Quintilianus,
869 1892 912 1952 sic
935 1891 992 1952 Dio
1017 1889 1252 1972 Chrysostomus
1275 1893 1328 1954 l.l.
1351 1893 1483 1955 rettulit.

283 1997 328 2061 Ut
366 1996 585 2077 Thucydidem,
608 1996 807 2074 Herodotum,
841 1995 1069 2080 Theopompum
1101 1998 1237 2060 homines
1259 1998 1410 2078 legerent,
1432 1999 1485 2060 hic

282 2106 389 2167 'rhetor
420 2104 516 2165 suasit
548 2105 597 2180 (cf.
630 2104 700 2164 adn.
736 2104 799 2184 32).
845 2104 1007 2186 Discrepat
1037 2106 1225 2186 aliquantum
1247 2105 1379 2167 narratio
1403 2093 1484 2166 Her-

284 2210 420 2292 mogenis
438 2211 489 2274 ll.
510 2232 538 2292 p.
563 2215 636 2288 424,
660 2211 712 2292 qui
737 2211 973 2294 Theopompum,
997 2211 1162 2294 Ephorum,
1185 2211 1389 2288 Hellanicum,
1412 2211 1482 2272 Phi-

283 2321 387 2382 listum
419 2318 548 2398 proinde
571 2323 663 2399 atque
686 2319 886 2396 Herodotum,
911 2319 1133 2399 Thucydidem,
1156 2318 1354 2392 Hecataeum,
1378 2319 1482 2381 Xeno-

283 2428 426 2509 phontem
459 2425 627 2492 aGraecis
659 2425 825 2487 imitatione
848 2428 956 2506 dignos
980 2448 1047 2488 esse
1070 2426 1195 2514 habitos
1212 2426 1386 2504 denegavit.
1433 2426 1482 2505 (cf.

284 2532 425 2594 Philostr.
449 2533 518 2596 vitt.
543 2532 675 2614 Sophist.
698 2533 724 2608 I,
750 2537 800 2607 17,
825 2537 844 2592 4
869 2522 1093 2610 ,Θεόπομπον
1116 2527 1173 2592 καὶ
1187 2520 1331 2616 Ἔφορον
1355 2521 1419 2594 oiic'
1444 2519 1484 2591 ib

285 2629 500 2721 διαβάλοιμεν
533 2628 596 2700 o'oic'
630 2626 668 2698 ib
699 2627 977 2716 θαυμάσαιμεν.“)
1023 2638 1127 2716 Atque
1161 2638 1220 2697 iam
1248 2639 1340 2698 Duris
1364 2637 1482 2699 Samius

285 2745 335 2827 (cf.
359 2746 446 2808 Phet.
471 2747 535 2807 ced.
561 2749 623 2806 176
649 2765 678 2824 p.
704 2747 764 2805 121
792 2741 904 2822 Bckk.)
928 2741 1085 2822 Ephorum
1110 2747 1142 2804 01
1159 2743 1385 2823 Theopompum
1404 2740 1481 2820 prio·

212 2885 214 2889 v
285 2852 369 2913 ribus
401 2851 551 2912 historicis
583 2852 712 2912 multum
746 2850 855 2910 cedere
888 2852 1044 2912 statuerat.
1092 2849 1164 2930 Ipse
1188 2849 1314 2909 Photius
1336 2845 1388 2907 l.l.
1413 2863 1481 2904 eum

285 2958 446 3021 Hellanieo
477 2958 667 3038 Philistoque
700 2955 889 3038 Theompum
922 2975 1095 3037 comparare
1127 2955 1242 3016 maluit.
1289 2952 1409 3024 Quibus
1441 2971 1484 3011 ex

287 3053 467 3130 testimoniis
500 3085 568 3128 cum
601 3085 765 3128 consensus
797 3068 938 3126 veterum
970 3063 1093 3124 minime
1116 3065 1271 3143 appareat,
1280 3060 1322 3142 34)
1346 3056 1486 3137 sequitur

357 3378 391 3444 ³⁴)
410 3376 546 3446 Imprimis
574 3391 654 3443 opera
681 3373 823 3437 Herodoti,
850 3371 1022 3440 Thucydidis,
1049 3371 1242 3438 Xenophontis,
1269 3365 1432 3435 Theopompi
1456 3363 1484 3414 11

285 3483 335 3519 usn
353 3465 435 3519 fuisse
454 3466 579 3520 videntur
597 3468 625 3518 et
642 3464 718 3533 quasi
736 3462 923 3516 historicorum
942 3461 976 3513 ad
994 3475 1097 3528 corpus,
1117 3461 1187 3528 quod
1205 3459 1348 3512 maximam
1367 3459 1395 3508 ct
1413 3469 1484 3521 gra,

286 3555 423 3608 vissimum
452 3559 556 3623 partem
584 3553 712 3607 historiae
739 3551 901 3606 Graecorum
928 3554 991 3618 apta
1016 3549 1216 3602 continuatione
1245 3543 1484 3613 comprehenderet

287 3643 452 3697 conformata
477 3660 544 3700 esse.
582 3641 614 3694 ld
638 3643 709 3695 enim
736 3656 832 3710 corpus
856 3642 885 3694 in
903 3639 1053 3693 breviorem
1071 3638 1211 3691 historiam
1229 3634 1319 3687 nescio
1339 3649 1372 3684 01
1391 3631 1484 3684 Aelius

286 3731 418 3785 Aristides
436 3733 597 3786 coartaverit
615 3732 653 3784 eis
672 3732 757 3796 libris,
777 3731 872 3800 quibus
891 3727 997 3792 „ridear
1014 3725 1062 3784 τοῖς
1082 3728 1218 3793 ἱστοριόιςκ
1237 3751 1272 3760 -
1294 3718 1346 3783 „rel
1364 3717 1484 3804 episcpo

288 3807 328 3871 air
355 3819 498 3890 ἱστόρησεν
522 3818 687 3890 hectorem,
712 3819 763 3881 „tri
786 3817 954 3888 Ἡροδότου“,
980 3813 1032 3878 „rei
1058 3811 1247 3872 Oooaodt'doo“,
1266 3809 1355 3878 »ὅπερ
1374 3805 1486 3859 εἰπενᾶ

244 3933 246 3937 ·
290 3906 427 3979 Ξενοφῶν
455 3911 499 3960 καὶ
527 3908 543 3959 o‘
572 3907 746 3978 Osdnopnw
766 3905 969 3972 -complexus
994 3906 1036 3955 est
1054 3901 1098 3968 (cl.
1118 3901 1221 3969 Sopatr.
1240 3901 1307 3968 prol.
1326 3899 1355 3951 in
1372 3897 1485 3951 Aristid.

289 3996 330 4053 ed.
349 3999 431 4052 Dind.
450 3997 501 4051 vol.
520 3997 563 4050 111
582 4013 607 4064 p.
627 3997 698 4062 739).
734 3995 792 4048 Ηο0
810 3997 901 4047 autem
919 3991 997 4044 modo
1016 3989 1200 4056 Xenophontis
1218 3986 1373 4050 ‘lli-inrisam
1389 3986 1484 4049 101110,

290 4103 342 4155 qua
361 4101 431 4140 nunc
450 4085 579 4150 feruntur,
604 4083 712 4138 enodari
730 4086 825 4150 potest.
861 4079 991 4132 Dubitare
1012 4077 1082 4130 enim
1101 4078 1249 4146 nequimus,
1270 4077 1334 4146 quin
1353 4075 1483 4130 recentio-

289 4176 362 4228 ribus
381 4174 554 4243 temporibus,
573 4177 605 4226 ut
622 4171 786 4241 Thucydidis
805 4171 886 4222 libros
907 4167 1047 4235 excipiant,
1067 4168 1213 4220 constitute
1232 4166 1294 4220 sint.

361 4264 465 4318 Deinde
479 4277 683 4316 commemorare
698 4261 779 4314 liceat
796 4259 825 4312 in
843 4258 938 4311 tabula
952 4257 1029 4311 Bodl.
1049 4273 1101 4310 non
1121 4257 1198 4310 modo
1217 4273 1278 4309 ernn
1296 4255 1483 4308 historicorum
