3386 4986
721 1343 1071 1500 Epimetrum.

385 1689 497 1750 Priscis
520 1686 708 1768 temporibus
732 1687 899 1748 alienorum
923 1685 1043 1747 nomina
1065 1683 1151 1745 libris
1175 1683 1309 1748 Graecos
1331 1687 1496 1749 inscribere

297 1796 432 1878 coepisse
456 1787 649 1869 Onomacriti,
678 1792 730 1873 qui
753 1786 931 1873 θεολογίαν
955 1793 1011 1853 sub
1034 1790 1148 1872 Orphei
1171 1789 1298 1853 nomine*
1319 1794 1423 1871 edidit,
1455 1816 1496 1856 ex

297 1903 454 1964 luculento
474 1900 615 1982 exemplo
633 1899 851 1978 intellegimus.
875 1896 937 1959 Sed
955 1918 1015 1959 non
1031 1903 1093 1960 tam
1116 1898 1334 1977 fraudulenter,
1357 1921 1447 1981 quam
1461 1907 1498 1964 ut

298 2007 452 2071 doctrinas
483 2006 630 2088 mysticas
662 2006 782 2068 nomine
815 2005 888 2082 eius,
921 2005 973 2084 qui
1000 2023 1104 2065 earum
1128 2010 1233 2066 auctor
1256 2007 1495 2085 existimabatur,

298 2119 430 2190 ornaret,
463 2112 674 2174 Onomacritus
706 2113 783 2174 illud
816 2113 924 2174 iecisse
955 2111 1042 2172 nobis
1074 2111 1198 2172 videtur
1230 2113 1280 2192 (ot
1303 2113 1494 2196 Bernhardyi

298 2223 370 2284 hist.
393 2221 451 2284 litt.
475 2219 548 2300 gr.3
571 2219 615 2294 II,
641 2224 669 2295 1,
693 2241 721 2301 p.
746 2222 809 2282 427
835 2219 921 2299 sqq.).
968 2217 1096 2298 Semper
1118 2217 1200 2278 enim
1222 2223 1258 2281 ut
1280 2222 1405 2303 quisque
1426 2226 1491 2282 erat

298 2327 510 2408 peritissimus,
549 2324 592 2386 ita
632 2325 764 2387 maxime
802 2326 880 2386 illud
912 2345 988 2406 opus
1026 2323 1141 2406 Orphei
1172 2327 1339 2406 symbolice
1363 2328 1419 2391 dici
1438 2345 1491 2410 pro

299 2438 381 2495 certo
405 2433 545 2494 habebat.
590 2430 699 2512 Neque
722 2433 780 2495 alio
803 2438 891 2515 paeto
914 2451 970 2514 per
993 2431 1168 2510 generalem
1191 2436 1342 2512 quendam
1365 2435 1496 2510 titulum,

299 2539 425 2622 ,,χρυσᾶ
460 2531 546 2622 {burst
579 2538 790 2619 Pythagorae,
827 2558 955 2618 quorum
988 2539 1162 2619 exemplum
1195 2537 1386 2624 Chrysippus
1417 2543 1498 2623 apud

301 2644 437 2708 Gellium
470 2645 541 2719 VII,
576 2649 604 2721 2,
645 2650 684 2708 12
709 2645 814 2708 Hertz.
848 2645 949 2719 tradit,
982 2645 1077 2722 vulgo
1113 2646 1288 2708 ferebantur
1321 2649 1370 2726 (cf.
1404 2648 1497 2709 schol.

299 2751 394 2815 Arist.
420 2750 519 2813 Berol.
549 2773 578 2832 p.
606 2754 671 2813 rab
704 2745 780 2828 „adi
804 2742 866 2834 γὰρ
889 2741 982 2812 αὐτοὶ
1008 2745 1049 2828 [oi
1075 2742 1313 2835 Πυθαγόρειοι]
1337 2742 1495 2834 ποιήσαν-

299 2878 354 2934 τες
385 2851 427 2920 τὰ
450 2859 566 2941 Χρυσᾶ
589 2847 683 2943 ’Ἔπη
707 2852 903 2943 ἐπέγραψαν
925 2849 964 2919 τὸ
987 2846 1090 2938 ὄνομα
1116 2859 1170 2920 aori
1193 2849 1315 2919 οἰκείου
1339 2846 1494 2918 διδασκά-

300 2963 358 3027 λου
381 2956 468 3049 πρὸς
490 2957 587 3049 τιμὴν
610 2953 731 3044 αὐτοῦ).

389 3071 433 3132 At
464 3070 524 3132 iam
556 3071 675 3152 pridem
707 3072 809 3147 fuisse,
842 3071 894 3151 qui
921 3075 1076 3153 poetarum
1101 3072 1279 3156 sapientiam
1302 3070 1499 3152 compilarent

303 3185 335 3242 et
367 3179 480 3260 scripta
502 3178 630 3239 aliorum
654 3199 707 3258 pro
732 3177 795 3238 suis
818 3177 1039 3259 praedicarent,
1061 3181 1159 3241 verba
1182 3177 1368 3260 Theognidis
1390 3179 1432 3256 (v.
1458 3176 1498 3238 la

245 3297 251 3306 ·
302 3306 346 3364 sq.
370 3283 500 3364 Bergk.)
522 3283 670 3344 indicant:

414 3486 548 3578 „licique
575 3491 781 3581 σοφιζομένῳ
803 3491 863 3576 μὲν
887 3491 960 3576 ἐμοὶ
985 3496 1127 3585 σφρηγὶς
1151 3494 1341 3562 ἐπικεῖσθαι

461 3592 565 3674 τοῖςό’
591 3595 716 3680 ἔπεσιν,
741 3591 833 3687 λήσει
858 3592 1012 3666 d’oir'rrors
1035 3596 1271 3685 utercrdpsvaf‘

302 3813 365 3876 Sed
388 3816 420 3874 et
443 3831 556 3888 eorum,
590 3813 642 3892 qni
665 3816 734 3877 dolo
757 3815 836 3877 malo
859 3815 929 3876 aliis
952 3817 1150 3897 scriptoribus
1172 3832 1266 3896 opera
1288 3831 1306 3872 a
1329 3832 1362 3873 se
1385 3832 1503 3896 compo·
1592 3855 1594 3860 -

304 3922 363 3985 sita
384 3917 576 3995 addicebant,
608 3939 754 3981 numerus
778 3927 853 3998 erat,
876 3928 912 3984 ut
934 3927 1017 4004 puto,
1039 3922 1122 3982 haud
1145 3919 1286 3999 exiguus.
1332 3917 1503 4002 Hippocra-
1553 3935 1554 3938 ’

303 4030 344 4092 tis
373 4025 453 4089 enim
476 4023 605 4106 primum
630 4025 777 4087 editorem
801 4027 989 4102 Thessalum,
1013 4026 1066 4106 qui
1088 4026 1285 4109 Hippocratis
1306 4027 1402 4109 patris
1425 4046 1502 4089 corn·

304 4133 471 4197 mentarios
498 4132 530 4192 in
552 4131 683 4213 pellibus
705 4133 813 4195 autin
835 4132 1037 4214 pugillaribus
1059 4137 1199 4217 repertos
1222 4134 1397 4217 disponeret
1418 4132 1504 4195 etin

304 4260 399 4304 unum
434 4239 603 4320 colligeret,
636 4238 679 4301 eis
706 4259 767 4302 nen
789 4255 886 4321 pauca
908 4239 947 4299 de
970 4259 1033 4316 suo,
1055 4239 1146 4304 immo
1169 4245 1250 4305 totos
1272 4241 1366 4303 libros
1388 4241 1505 4302 inseru-
