3386 4986
791 359 1009 418 ..44-

302 557 485 632 referuntur,
517 554 649 615 maxime
681 551 884 614 offendimus?
929 533 962 613 Si
984 571 1058 614 vero
1082 554 1270 632 grammatici
1294 551 1499 621 Alexandrini

303 663 475 738 comoediae
508 679 621 740 genera
653 659 805 722 aetatibus
837 659 1051 723 distinxisseut
1083 664 1114 722 et
1142 661 1323 722 comicorum
1345 663 1497 742 praestan-

302 771 375 832 tiam
388 769 605 830 diiudicassent
620 771 652 828 et
674 767 803 849 optimos
827 753 974 848 cuiusque
997 766 1106 829 aetatis
1129 769 1390 829 commendassent
1413 766 1499 847 quasi

303 895 445 950 normam,
477 894 550 935 num
581 874 748 936 verisimile
781 879 828 938 cst
859 877 995 938 futurum
1022 875 1126 951 fuisse,
1149 877 1185 936 ut
1207 875 1259 954 qui
1272 876 1321 936 vad
1345 874 1499 955 antiquam

303 985 334 1043 et
358 979 416 1058 ¹qui
448 981 487 1041 ad
511 981 643 1043 mediam
666 986 698 1045 et
721 983 772 1062 qui
796 983 834 1043 ad
857 1001 966 1044 novam
988 982 1179 1062 pertinerent
1201 958 1393 1058 comoediam,
1416 984 1500 1042 rete-

228 1129 232 1139 ·
301 1107 351 1148 rcs
388 1086 663 1151 inconstantissimo
696 1087 886 1151 statuerent?
932 1087 1031 1162 Adde,
1064 1088 1145 1167 quod
1177 1110 1253 1169 qnos
1291 1090 1413 1152 tandem
1438 1087 1522 1152 illi.

303 1195 492 1272 grammatici
524 1197 706 1276 delegerint,
738 1197 829 1274 longe
860 1193 1095 1256 incertissimum
1127 1197 1183 1256 est.
1240 1193 1315 1256 Dum
1348 1197 1428 1256 enim
1461 1215 1501 1256 ne

302 1319 399 1361 norae
431 1302 554 1382 quidem
587 1295 757 1364 comoediae
790 1303 829 1362 de
857 1299 1055 1383 scriptoribus
1078 1300 1242 1379 quidquam
1265 1302 1323 1363 rati
1347 1303 1501 1365 enucleari
1554 1367 1557 1372 ,

302 1408 406 1490 possit,
430 1409 548 1471 numeri
571 1431 646 1488 quos
670 1409 811 1470 definisse
835 1407 987 1484 dicuntur,
1010 1426 1159 1487 nusquam
1183 1413 1366 1488 comparent.
1489 1399 1492 1404 ’

391 1514 590 1597 Relinquitur
629 1497 732 1596 igitur,
771 1519 806 1580 ut
838 1515 877 1576 de
910 1513 1030 1577 comicis
1056 1515 1144 1578 novis
1167 1518 1307 1578 ueterum
1330 1516 1501 1579 testimonia

302 1641 483 1704 persequar:
516 1613 686 1704 anonymus
718 1627 822 1686 narrat
855 1643 884 1705 p.
911 1625 971 1685 537
997 1620 1091 1684 Mein.
1125 1621 1204 1709 ,τῆς
1227 1618 1265 1684 δέ
1289 1618 1361 1699 νέας
1385 1645 1499 1707 κωμῳ-

304 1722 435 1804 δίας...
459 1717 719 1809 ἀξιολογώτατοι
744 1719 910 1816 Φιλήμων,
934 1723 1137 1814 Μένανδρος,
1154 1725 1309 1816 Δίφιλος,
1332 1725 1501 1793 Φιλιππί-

304 1831 371 1922 δης,
396 1829 643 1911 Ποσείδιππος,
672 1825 939 1920 Ἀπολλόδωρος,
961 1835 993 1896 in
1016 1837 1121 1898 tabula
1144 1835 1233 1899 Ooisl.
1258 1836 1295 1917 (ᾗ.
1322 1841 1352 1920 7)
1376 1843 1502 1902 exstant

303 1941 483 2020 Menander,
515 1940 712 2022 Philippides,
745 1943 894 2025 Diphilus,
927 1941 1094 2019 Philemon,
1126 1943 1345 2025 Apollodorus3
1382 1969 1423 2008 ex
1454 1947 1502 2008 his

304 2049 432 2131 scriptor
454 2047 578 2110 tabulae
600 2047 689 2114 Bodl.
713 2048 752 2130 (ξ.
775 2049 839 2130 ΧΙ)
863 2049 928 2111 sire
951 2068 1023 2111 casu
1047 2049 1114 2111 sire
1136 2050 1261 2113 consilio
1285 2053 1386 2116 omisit
1408 2054 1501 2137 Apol-

304 2157 454 2232 lodorum3
487 2154 546 2217 tria
576 2156 699 2218 nomina
721 2156 883 2218 Menandri
906 2160 938 2220 et
960 2156 1145 2220 Philemonis
1169 2161 1201 2218 et
1222 2157 1338 2240 Diphili
1360 2159 1502 2223 Velleius

305 2267 336 2325 et
358 2261 474 2324 Marius
506 2260 682 2325 Victorinus
714 2269 746 2328 et
777 2265 938 2328 Diomedes
970 2266 1003 2328 ll.
1027 2266 1080 2328 ll.·
1103 2272 1416 2329 commemoraverunt
1457 2272 1499 2331 at-

305 2369 410 2451 quein
429 2367 561 2430 ternario
585 2371 739 2450 acquievit
761 2393 887 2434 numero
912 2373 1003 2435 etiam
1021 2373 1146 2434 Isaacus
1165 2371 1275 2434 Tactus
1298 2375 1348 2440 ll.
1372 2397 1400 2457 p.
1426 2379 1501 2450 257,

305 2475 356 2556 qui
379 2474 501 2554 quidem
524 2476 685 2556 profitetur
707 2474 884 2561 ,μωμιμδοὶ
908 2474 984 2540 νέοι·
1010 2473 1211 2562 Μένανδρος,
1238 2472 1403 2566 Φιλήμων,
1430 2484 1500 2542 Φι-

304 2574 496 2642 λιστίωνίέ
534 2583 582 2659 (cf.
625 2582 819 2663 Bernhardyi
857 2584 927 2644 hist.
961 2583 1020 2644 litt.
1051 2583 1123 2660 gr.³
1145 2582 1186 2658 H,
1214 2591 1242 2660 2,
1265 2605 1294 2666 p.
1320 2589 1410 2666 554);
1434 2605 1501 2646 cum

305 2686 471 2748 Menandro
494 2686 712 2764 Philemonem,
736 2689 788 2768 qui
810 2699 978 2764 „consensu
1002 2687 1134 2747 omnium
1157 2691 1268 2751 meruit
1291 2693 1372 2752 credi
1396 2707 1500 2750 secun·
1549 2731 1551 2736 ,

306 2794 391 2868 dus“,
410 2791 618 2862 Quintihanus
641 2794 692 2856 l.l.
717 2793 812 2873 elegit
835 2793 1017 2873 eosdemque
1040 2793 1171 2854 Ioannes
1195 2794 1304 2856 Tnetra
1327 2789 1406 2877 περὶ
1429 2787 1499 2853 δια-

306 2897 411 2984 φορᾶς
426 2921 456 2982 p.
476 2890 653 2963 3370111111.
675 2901 725 2981 (cl.
738 2901 867 2963 Taetaae
881 2900 1045 2982 prolegom.
1060 2899 1092 2958 in
1107 2898 1201 2963 Arist.
1225 2919 1253 2982 p.
1281 2904 1343 2964 114
1366 2899 1446 2962 Keil.
1470 2905 1502 2960 et

307 3004 442 3068 Orameri
475 3009 579 3070 anecd.
612 3006 707 3070 Paris.
740 3009 799 3071 vol.
832 3008 850 3068 Ι
882 3029 910 3089 p.
938 3006 969 3086 7)
993 3009 1024 3067 et
1048 3005 1098 3066 alii
1121 3006 1284 3088 scriptores
1306 3007 1501 3089 praedicave-

308 3116 382 3175 runt
413 3114 463 3194 (cf.
486 3135 515 3196 p.
541 3116 614 3191 542,
648 3119 688 3176 25
722 3137 750 3196 p.
777 3117 849 3190 544,
883 3118 924 3177 20
949 3111 1069 3192 Mein.);
1092 3132 1187 3173 unum
1210 3133 1308 3175 novae
1331 3111 1502 3176 comoediae

307 3220 475 3302 prinoipem
502 3221 582 3283 dixit
613 3220 815 3300 Menandrum
838 3221 1008 3302 Melampus
1041 3219 1132 3284 schol.
1157 3219 1243 3284 Dion.
1268 3219 1340 3281 Thr.
1368 3241 1396 3296 p.
1422 3222 1503 3281 749:

306 3326 385 3412 ,τῆς
418 3323 454 3389 δέ
486 3322 560 3402 νέας
590 3306 789 3410 [κωμῳδίας]
815 3320 978 3413 ἐπίσημος
1002 3317 1020 3388 ὃ
1043 3319 1245 3409 Μένανδρος,
1269 3311 1307 3400 ὃς
1330 3313 1504 3408 darocam)

308 3427 382 3494 ἐστὶ
404 3432 463 3518 τῆς
485 3429 559 3508 νέας
581 3427 778 3517 κωμωδίας(ι
802 3453 901 3514 neque
924 3435 1000 3496 ahos
1023 3433 1081 3494 uisi
1103 3453 1198 3493 unum
1216 3432 1419 3494 Menandrum
1434 3450 1504 3492 ano·

311 3558 424 3619 nymus
455 3560 484 3620 p.
511 3545 582 3617 539,
617 3547 634 3603 5
658 3541 751 3603 Mein.
775 3547 807 3603 et
829 3540 959 3623 scriptor
980 3541 1012 3601 in
1036 3539 1132 3604 Crem.
1155 3559 1238 3603 aneo.
1263 3541 1313 3603 l.l.
1337 3559 1366 3619 p.
1392 3540 1412 3597 4
1435 3557 1503 3618 pro-

311 3645 457 3708 tulerunt
505 3646 625 3734 Quibus
648 3649 801 3711 derebus
824 3670 892 3711 oum
915 3651 1039 3712 veteres
1061 3647 1169 3728 oppido
1191 3645 1224 3706 in
1246 3641 1411 3706 contrarias
1435 3663 1504 3705 sen-

312 3863 510 3935 intellegeudos
537 3865 583 3934 qui
612 3869 698 3934 putet,
726 3885 759 3921 ne
788 3865 811 3920 is
840 3867 928 3920 minus
946 3865 1039 3935 procul
1058 3879 1074 3916 a
1093 3877 1154 3916 vero
1174 3863 1253 3928 absit,
1274 3859 1396 3933 squidem
1415 3865 1504 3920 timeo.

312 3956 380 4014 Cum
408 3955 504 4009 deinde
532 3953 629 4008 Suidas
656 3955 741 4009 tradit
768 3973 788 4013 s.
809 3973 832 4012 v.
870 3954 982 4012 Ἀλκαῖος
1008 3949 1142 4022 ,κωμικός
1163 3955 1211 4014 τῆς
1229 3949 1346 4022 ἀρχαίας
1363 3953 1506 4025 κωμῳδίας

273 4044 275 4049 ’
311 4046 458 4116 πέμπτος“,
477 4047 524 4096 aut
543 4059 603 4096 cum
621 4043 692 4097 inter
710 4041 773 4101 τούς
791 4040 978 4112 saturaremur
991 4044 1045 4104 ,τῆς
1063 4037 1181 4110 (ippotae
1198 4041 1347 4112 κωμῳδίας,
1365 4060 1430 4112 quos
1448 4061 1506 4098 mc·
1567 4037 1569 4044 ⁴

313 4137 346 4191 do
375 4134 498 4198 diximus,
528 4132 615 4185 locum
642 4131 790 4186 obtinuisse
819 4135 867 4185 aut
895 4131 927 4184 dc
955 4130 1049 4184 tabula
1068 4130 1237 4198 alphabetico
1255 4131 1429 4200 cogitandum
1447 4151 1505 4188 esse

314 4225 496 4278 Volkmannus
515 4221 547 4275 dc
566 4219 638 4278 Suid.
658 4221 743 4290 biogr.
761 4237 788 4290 p.
807 4221 840 4274 27
860 4219 933 4274 haud
951 4219 1041 4288 inepte
1060 4219 1207 4273 arbitratus
1226 4223 1274 4274 est.

385 4313 420 4388 ⁹⁹)
438 4313 472 4369 of.
490 4311 614 4367 Eustath.
633 4327 725 4368 comm.
744 4307 876 4380 inOdyss.
895 4309 956 4365 libr.
974 4309 1055 4364 XVII
1072 4326 1096 4364 v.
1118 4309 1168 4364 108
1186 4309 1299 4380 (tom.H
1318 4325 1343 4378 p.
1363 4310 1397 4364 94
1416 4309 1505 4380 Daw.)
