3386 4986
687 327 907 392 *25⁴

171 541 174 552 ⁴
200 532 311 595 randos
349 527 534 620 curaverint.
598 527 667 590 Hoc
697 531 786 609 paeto
818 525 920 588 emnia
950 524 1062 607 optime
1095 523 1218 588 enodari
1250 523 1318 604 quis
1340 523 1400 586 crit

199 640 252 720 qni
283 635 401 716 neget?
448 632 553 704 Quid?
597 634 706 696 Nonne
739 633 834 694 multe
866 637 939 694 ante
972 632 1054 713 apud
1078 629 1222 707 Graecos,
1255 631 1280 692 si
1302 633 1399 694 verba

80 803 83 810 .
131 808 132 812 ,
202 733 322 807 Suidae’
347 764 370 806 a.
394 763 424 802 ιη
457 735 626 825 Χοιρίλος·
651 732 730 816 „ode
753 738 825 811 σοῖς
843 727 981 822 Ὁμήρου
1004 727 1295 820 ἀναγινώσκεσθαι
1318 733 1416 824 ἔψη·-

114 855 116 857 ’
203 847 343 938 φισθηῆ(
370 841 593 926 Bernhardyus
634 845 704 906 hist
741 845 813 907 litt·
833 839 959 923 graee³
990 845 1034 921 II,
1060 849 1087 921 1,
1110 865 1138 928 p.
1164 850 1227 909 349
1251 829 1335 908 reete
1357 845 1401 907 ita

204 955 389 1039 explanavit,
422 958 458 1031 ut
487 954 612 1032 dignum
644 971 764 1042 carmen
798 949 940 1025 Choerili,
973 953 1053 1030 quod
1076 953 1107 1014 in
1130 954 1212 1014 ludis
1235 951 1399 1034 legeretur,

118 1035 124 1046 ¹
205 1063 341 1126 habitum
365 1081 433 1123 esse
457 1061 582 1136 diceret,
601 1039 820 1126 nennemulte
843 1059 923 1133 ante,
944 1056 1076 1137 inquam,
1099 1060 1239 1122 ludorum
1261 1059 1400 1140 magistri

206 1173 331 1233 cunctos
347 1172 458 1251 petitas
481 1171 611 1236 tractare
634 1166 779 1228 uidentur
801 1165 892 1228 vetiti
914 1163 1008 1226 fuisse
1031 1165 1080 1245 (of.
1096 1165 1263 1228 Hermanni
1286 1167 1400 1247 antiqu.

93 1304 111 1372 .'
207 1277 314 1342 Graec.
336 1276 446 1358 privat.
470 1296 498 1356 p.
524 1278 586 1338 281
612 1294 657 1352 sq.
682 1269 820 1351 Stark'.)?
866 1271 974 1350 Neque
997 1271 1130 1332 alianum
1152 1279 1208 1350 cst,
1231 1275 1312 1354 quod
1334 1293 1411 1336 nes-1

163 1407 165 1411 ·
209 1389 256 1445 tra
279 1387 387 1445 aetate'
401 1401 461 1444 nen
485 1380 626 1456 omnium,
651 1380 705 1440 s'ed
728 1380 917 1440 delectorum
940 1377 1120 1460 scriptorum
1142 1378 1213 1440 libri
1235 1380 1267 1440 in
1290 1381 1402 1442 scholis

74 1509 76 1513 -
105 1464 108 1468 ’
170 1513 171 1516 =
207 1489 409 1572 explicantur.
457 1489 544 1559 Quae
577 1506 646 1548 cum
678 1487 723 1548 ita
752 1486 823 1562 sint,
855 1485 1056 1566 Bernhardye
1088 1506 1213 1567 prorsus
1244 1487 1402 1564 assentior,

204 1598 256 1678 qui
289 1598 321 1658 in
343 1597 413 1658 hist.
437 1595 496 1656 litt.
521 1612 621 1674 graec.
640 1593 706 1657 ¹vel.
731 1593 748 1653 I
771 1615 799 1674 p.
826 1597 889 1655 184
912 1593 987 1654 haec
1010 1591 1161 1675 expediit:
1207 1594 1329 1671 „Wenn
1351 1595 1401 1656 die

119 1742 122 1746 -
204 1703 442 1778 Alexandriner,
475 1701 524 1762 dic
557 1702 663 1762 wodor
685 1699 843 1762 Rhetoren
866 1701 944 1761 noch
966 1697 1116 1778 Stilisten,
1140 1699 1402 1764 sendernGram·
1458 1737 1466 1754 ·

205 1811 337 1878 meliker
377 1827 491 1886 waren,
532 1807 581 1882 die
619 1807 809 1868 klassischen
832 1808 970 1869 Antoren
1002 1809 1035 1868 in
1068 1808 1154 1870 einer
1177 1807 1328 1868 Auswahl
1350 1804 1426 1868 be-'

206 1918 370 2000 stimmtan,
402 1937 435 1978 se
467 1917 565 1984 haben
598 1916 643 1978 sia
675 1935 733 1976 nur
765 1915 815 1975 iiir
838 1915 969 1977 Zwecke
994 1917 1049 1976 der
1071 1909 1405 1994 Schulgelehrsamkeit

208 2024 295 2086 einen
318 2024 409 2094 Kreis
431 2023 617 2102 leotgasetzt,
645 2022 677 2082 in
701 2023 771 2082 dem
794 2022 861 2082 ihre
884 2021 1013 2084 Studien
1037 2021 1101 2086 sich
1124 2023 1297 2100 bewcgten,
1321 2021 1405 2084 nieht

181 2169 183 2176 ·
210 2132 301 2192 einen
332 2133 490 2194 normalem
513 2131 622 2192 Kanen
653 2129 707 2204 als
721 2127 925 2190 Bliithenlese
948 2129 1003 2188 der
1025 2127 1221 2191 Litteraturr‘
1267 2128 1405 2200 Quodsi

208 2237 309 2300 ratum
327 2239 484 2312 habemus,
508 2255 562 2298 cur
580 2235 733 2314 neminem
751 2234 798 2294 sui
814 2234 959 2316 temperis
981 2235 1168 2312 grammatici
1190 2235 1223 2295 in
1247 2255 1405 2296 numerum

208 2345 395 2423 redegerint
419 2344 467 2420 (ef.
492 2343 533 2420 X,
559 2347 587 2419 1,
612 2342 677 2420 54),
709 2340 903 2422 perspicuum
927 2344 986 2403 est:
1006 2340 1087 2402 lieet
1109 2341 1191 2403 inter
1214 2363 1266 2404 ees
1288 2343 1405 2404 infensa

208 2449 308 2528 laudis
340 2449 501 2534 aemulatio
534 2431 750 2523 intercesserit,
774 2455 875 2508 tamen
897 2447 1058 2526 magistros
1081 2466 1171 2530 opera
1194 2451 1405 2531 antiquiorum,

210 2575 300 2634 quam
319 2555 499 2642 aequalium,
516 2557 633 2639 aptiora
648 2556 687 2616 ad
703 2555 852 2616 tradenda
868 2555 1080 2634 grammaticae
1095 2561 1267 2639 praecepta
1280 2558 1406 2621 duxisse

129 2661 132 2670 '
186 2649 250 2722 'ne
274 2643 329 2743 par
353 2677 502 2725 essenon
525 2663 681 2739 aeneadae,
705 2661 845 2742 equidem
868 2681 927 2724 non
950 2682 1068 2724 vereor.
1113 2661 1216 2744 Atque
1239 2665 1317 2726 hauc
1339 2685 1405 2727 ner-

208 2789 296 2845 mam,
320 2788 398 2849 quae
418 2769 541 2831 minimo
557 2770 690 2834 omnium
714 2769 868 2832 hominum
891 2769 1047 2831 doctorum
1071 2771 1110 2832 ad
1132 2772 1275 2848 rationes,
1297 2792 1406 2834 verum

183 2856 186 2865 ¹
210 2878 249 2938 ad
280 2877 531 2951 cousuetudinem
564 2877 780 2956 magistrorum
802 2877 943 2938 ludorum
966 2877 1157 2958 pertinuerit,
1180 2880 1260 2960 apud
1283 2883 1406 2940 veteres

210 3002 358 3061 nusquam
390 2985 455 3044 fere
487 2983 651 3065 perstringi
684 2987 715 3046 et
737 2983 847 3064 attingi
870 3003 958 3045 nemo
982 2988 1028 3045 ast
1052 2984 1101 3044 eui
1123 2985 1233 3046 mirum
1255 2985 1405 3049 videatur.

211 3088 375 3150 Praeterea
390 3109 459 3152 cum
475 3110 575 3170 neque
598 3091 716 3152 cunetis
739 3110 834 3150 unum
857 3091 1000 3170 idemque
1023 3089 1143 3170 placcat
1165 3096 1197 3152 et
1219 3091 1286 3152 aliis
1308 3112 1403 3171 gram·

212 3193 388 3254 metioerum
419 3195 542 3256 iamiliis
573 3197 653 3258 inter
684 3217 789 3258 omncs
822 3186 942 3260 constet
963 3196 1049 3274 leges
1067 3195 1160 3258 fuisse
1183 3197 1265 3274 alias,
1288 3198 1404 3263 Ariste-

146 3327 159 3352 ι·
195 3299 319 3381 'phanis
343 3305 374 3362 et
397 3300 567 3362 Aristarchi
589 3303 754 3383 iuuioie14)
780 3301 837 3365 nisi
860 3303 941 3384 apud
965 3307 1130 3365 sectatores
1152 3323 1255 3366 eorum
1277 3307 1404 3370 aucteri-

237 3507 239 3512 -
285 3475 320 3544 ¹⁴)
338 3473 381 3527 An
408 3471 436 3527 id
465 3475 583 3544 eligendi
610 3492 706 3530 munus
725 3495 741 3531 a
759 3476 867 3531 Graecis
887 3494 918 3530 ca
935 3476 1047 3542 ratione,
1066 3492 1119 3546 qua
1137 3495 1200 3532 usus
1219 3484 1261 3534 est
1277 3482 1403 3538 Ruhnke-

209 3563 278 3630 uius,
307 3563 396 3617 verbis
423 3561 595 3636 ,,ἐγκρι’νειν“
624 3570 652 3619 ot
678 3563 844 3635 ,,ι’κκρίνειν“
870 3581 922 3618 non
945 3565 1126 3634 significatum
1143 3568 1187 3633 sit,
1207 3569 1285 3625 valde
1303 3572 1404 3627 dubito.

209 3653 281 3707 Nam
308 3669 369 3708 eum
396 3653 468 3722 apud
496 3653 686 3724 Thucydidem,
715 3655 871 3724 Sophoclem
899 3655 1017 3724 aliosque
1041 3656 1070 3709 in
1093 3655 1259 3728 ,,ἐκκρι’νειν“
1277 3663 1404 3716 vocabule

212 3742 300 3797 laudis
317 3743 390 3798 notio
409 3743 623 3813 (‚,auserlesen“)
641 3743 713 3798 inest
732 3775 764 3782 -
783 3743 818 3800 cf.
837 3743 964 3812 Stephon.
982 3745 1109 3802 Thesaur.
1125 3747 1216 3804 Didot.
1235 3765 1255 3802 s.
1275 3767 1300 3804 v.
1319 3749 1404 3821 ἐκκρί·

214 3848 272 3884 νειν
298 3835 327 3886 et
351 3831 470 3900 ιιικριιος
489 3864 531 3899 -,
558 3837 617 3887 tum
643 3833 787 3902 Dionysius
811 3833 1057 3889 Halicarnassensis
1081 3836 1158 3905 epist
1184 3838 1226 3892 ad.
1246 3837 1294 3892 Cn.
1313 3841 1404 3909 Pomp.

214 3934 236 3974 e.
256 3922 272 3974 3
290 3937 316 3988 p.
335 3923 385 3976 767
405 3923 437 3976 R.
457 3921 533 3976 dicit:
559 3921 690 3989 „revisens
708 3921 851 3994 ι’κιιρίνω
869 3922 932 3982 τούς
950 3923 1053 3996 ἄνδρας
1071 3927 1110 3985 εἰς
1127 3931 1241 3998 μίμησιν
1258 3927 1405 3991 ἐπιτηδειο-

215 4005 336 4072 τάτοοςιί,
368 4011 408 4064 ita
441 4015 472 4064 ut
504 4006 669 4084 ,,ἐκίιρίνειν“
696 4012 857 4067 contrariam
886 4014 918 4080 ei,
947 4031 1026 4085 quam
1044 4015 1220 4071 Ruhnkenius
1237 4018 1331 4083 veluit,
1351 4019 1404 4074 vim

214 4096 319 4150 habeat.

284 4185 388 4240 Deinde
406 4185 574 4260 ,,ἐγκρινειν“
592 4207 641 4245 vox
660 4191 761 4246 duobus
779 4193 845 4246 locis
864 4192 907 4262 (ef.
922 4192 996 4247 Suid.
1015 4211 1037 4248 s.
1055 4211 1080 4248 v.
1098 4199 1247 4266 Δείναρχος
1264 4201 1337 4258 »τῶν
1354 4215 1404 4264 με-

215 4270 250 4326 td
277 4273 467 4343 dependimus
493 4275 677 4350 ἐγκριθέντων
695 4271 750 4339 εἷς“
769 4288 797 4335 et
815 4281 893 4336 Phet.
912 4283 968 4336 ced.
988 4283 1020 4336 61
1041 4283 1196 4354 ,,Αι’σχίνην
1214 4285 1349 4356 Φρύνιχος
1367 4288 1405 4346 εἰς
