3386 4986
761 357 978 418 ..45-

272 543 321 625 sit,
343 549 503 632 percipere
517 569 572 612 uos
592 547 718 630 nequire
740 553 833 631 atque
856 571 915 631 quc
938 550 1117 630 diligentius
1140 547 1347 613 deliberemus
1368 548 1465 612 illam·

272 677 332 736 que
370 675 505 719 normam
542 655 729 736 indagemur,
762 677 798 719 eo
830 658 928 739 magis
944 679 997 728 ¹ex
1019 657 1114 722 oculis
1138 658 1228 720 istem
1250 656 1341 720 elabi.
1387 655 1468 720 Sane

274 782 420 826 canonem
442 763 473 824 in
495 781 583 825 usum
606 763 776 827 scholarum
799 766 986 848 propositum
1008 784 1045 826 ea
1067 764 1256 840 auctoritate,
1279 783 1341 845 qua
1361 763 1466 826 Ruhn-
1526 789 1531 800 ·

270 870 380 932 kenius
411 869 517 945 voluit,
549 889 605 951 per
637 873 731 933 totam
753 872 966 953 antiquitatem
989 891 1181 953 nequaqnam
1204 870 1337 934 valuisse
1358 870 1467 934 mirum

270 997 330 1040 non
359 979 414 1039 est.
461 975 572 1058 Neque
604 978 684 1039 enim
707 979 838 1041 omnium
862 979 1016 1042 hominum
1039 979 1141 1042 studia
1164 982 1270 1041 tenere
1294 979 1393 1061 potuit
1415 980 1468 1041 vel

270 1104 335 1146 eam
357 1087 484 1168 propter
506 1103 636 1162 causam,
659 1086 741 1167 quod
762 1085 820 1168 ipsi
843 1085 1032 1165 grammatici
1048 1084 1252 1147 Alexandrini
1271 1089 1362 1148 extra
1379 1087 1468 1150 ludos

270 1194 392 1274 praeter
423 1212 475 1254 eos
507 1195 621 1275 poetas,
653 1213 729 1275 quos
759 1191 791 1253 in
814 1191 875 1252 illis
898 1193 1045 1273 legendos
1069 1193 1226 1268 curabant,
1249 1189 1324 1254 alios
1347 1213 1468 1275 quoque

270 1297 433 1380 scriptores
457 1302 637 1363 tractabant.
684 1298 766 1372 Quin
789 1299 880 1362 etiam
903 1299 1124 1382 Aristophanes
1147 1297 1317 1378 Byzantius
1340 1301 1379 1361 ad
1402 1319 1466 1364 ora·

269 1404 359 1468 tionis
391 1407 508 1470 solutae
541 1407 713 1489 scriptores,
746 1405 798 1487 qui
830 1409 868 1468 ab
901 1406 1076 1470 erudiendis
1099 1403 1261 1468 iuvenibus
1284 1404 1349 1468 sine
1373 1407 1465 1472 dubio

269 1515 459 1591 arcebantur,
492 1535 525 1576 se
558 1513 695 1576 conferre
728 1532 789 1576 non
816 1513 935 1576 veritus
957 1513 1094 1576 Platonis
1116 1513 1252 1593 dialogos
1274 1511 1306 1573 in
1329 1513 1467 1594 trilogias

271 1618 376 1683 divisit
412 1621 462 1704 (ci.
504 1623 604 1683 adnot.
645 1620 707 1700 10).
754 1617 804 1682 Sic
837 1641 905 1682 cum
937 1621 1018 1683 intra
1049 1622 1168 1684 scholas
1199 1623 1271 1696 tres,
1300 1619 1352 1701 qui
1375 1625 1466 1684 antea

271 1725 437 1791 existimati
461 1731 557 1804 erant,
579 1727 732 1809 principes
754 1725 954 1810 Aeschylum,
977 1725 1166 1810 Sophoclem,
1182 1726 1362 1810 Euripidem
1381 1748 1464 1792 enar·

269 1838 350 1897 ratos
382 1855 449 1897 esse
477 1833 731 1897 verisimillimum
754 1835 801 1912 sit,
825 1834 1022 1897 Aristarchus
1046 1839 1078 1898 et
1099 1833 1252 1916 Didymus
1274 1835 1380 1898 Ionem
1404 1841 1465 1900 tra·

267 1939 368 2020 gicum
399 1943 489 2004 extra
511 1941 637 2018 scholas,
666 1948 703 2004 ut
724 1945 807 2023 puto,
830 1941 1024 2004 commentati
1047 1945 1126 2004 sunt
1139 1937 1182 2024 ³⁰)
1228 1939 1278 2003 Sic
1301 1942 1368 2005 aliis
1391 1943 1466 2007 alios

218 2097 219 2100 η
269 2049 431 2132 scriptores
468 2047 619 2130 placuisse
661 2048 807 2111 credibile
839 2051 894 2110 est.
940 2047 1051 2138 Itaque
1075 2047 1210 2112 Graecos
1244 2049 1351 2111 eadem
1373 2055 1466 2132 atque

262 2154 394 2230 ¹Latinos
426 2154 590 2238 scriptores
621 2155 772 2219 varietate
794 2155 934 2218 fortunae
957 2155 1086 2219 iactatos
1108 2161 1140 2219 et
1162 2175 1234 2218 casu
1252 2155 1353 2238 potius
1375 2177 1466 2238 quam

178 2265 182 2271 '
268 2261 391 2324 consilio
415 2281 476 2338 ecs,
500 2261 552 2343 qui
573 2263 688 2344 integri
711 2268 897 2342 manserunt,
921 2268 1059 2327 servatos
1082 2283 1150 2326 esse
1173 2283 1213 2326 ex
1236 2263 1284 2326 his
1306 2283 1465 2344 argumen-

266 2368 307 2431 tis
340 2366 480 2430 efficitur.
526 2367 634 2452 Neque
668 2376 770 2434 tamen
801 2371 865 2433 ulla
893 2375 994 2435 aetate
1016 2371 1172 2434 hominum
1195 2373 1356 2452 tantopere
1379 2375 1467 2433 erant

268 2475 397 2537 obtunsa
427 2472 551 2555 ingenia
582 2497 681 2557 neque
715 2497 850 2558 unquam
881 2478 988 2540 animis
1011 2481 1097 2541 tanta
1118 2477 1239 2540 inscitia
1260 2477 1368 2554 inerat,
1392 2478 1468 2558 qnin-

268 2601 309 2642 ex
333 2579 377 2642 eis
400 2581 606 2664 scriptoribus,
630 2583 741 2662 quibus
763 2585 858 2662 vulgo
881 2584 984 2665 palma
1005 2585 1210 2659 deferebatur,
1232 2585 1320 2664 pauci
1344 2602 1462 2646 conser-

268 2691 424 2751 varentur.
471 2687 619 2750 Omnibus
641 2689 723 2749 enim
746 2689 934 2770 temporibus
956 2687 1062 2763 critici,
1085 2707 1214 2768 quorum
1237 2707 1358 2768 semper
1379 2703 1461 2763 mag·

268 2813 308 2855 na
330 2793 457 2856 ridetur
478 2793 571 2856 fuisse
595 2794 682 2876 copia
704 2793 754 2874 (cf.
777 2791 884 2856 Horat
908 2792 996 2875 epist.
1020 2791 1060 2869 Π,
1077 2797 1105 2856 1.
1127 2794 1168 2855 50
1188 2813 1232 2872 sq.
1268 2791 1461 2868 „Ennius...

265 2901 345 2963 alter
367 2899 530 2978 Homerus,
552 2904 589 2963 ut
611 2898 707 2962 critici
730 2899 876 2982 dicunt‘),
903 2899 1058 2963 hominnm
1081 2898 1196 2960 animos
1223 2897 1353 2979 quodam
1374 2896 1463 2958 modo

264 3005 422 3089 regebant,
446 3029 514 3072 cnm
541 3011 660 3070 mentes
682 3005 861 3069 liberalibus
882 3005 1073 3090 opinionibus
1095 3005 1277 3080 imbuerent,
1295 3007 1387 3084 atque
1409 3002 1462 3063 im·

267 3107 433 3198 pediebant
462 3115 622 3198 quominus
651 3119 847 3177 monumenta
883 3112 987 3194 ingeni
1023 3111 1148 3174 humani
1185 3110 1400 3174 venustissima
1432 3111 1465 3170 ct

266 3225 467 3306 grandissima
504 3222 562 3287 coli
603 3220 820 3301 observarique
858 3221 1080 3284 desinerentur.
1126 3217 1171 3281 At
1201 3221 1349 3299 quantum
1381 3213 1464 3296 equi·

267 3334 337 3395 dem
369 3331 503 3395 iudicare
526 3351 658 3413 possum,
681 3349 740 3392 non
764 3327 977 3410 Aristophanis
1000 3325 1230 3407 Aristarchique
1253 3325 1309 3387 sed
1332 3323 1396 3386 suis
1417 3322 1458 3382 le·

270 3439 361 3522 gibus
383 3438 430 3501 usi
453 3443 532 3501 sunt.

359 3543 390 3606 Si
418 3565 492 3610 vero
515 3547 595 3628 apud
618 3547 741 3608 veteres
764 3548 922 3626 po'e'tarum
941 3539 1128 3606 Graecorum
1151 3539 1268 3601 numeri
1292 3537 1383 3600 certis
1405 3539 1464 3598 ter-

270 3651 359 3714 minis
382 3651 609 3734 circumscripti,
632 3653 720 3715 velut
742 3652 865 3715 ordines
886 3648 1053 3730 lyricorum
1077 3651 1110 3708 et
1131 3645 1315 3726 tragicorum
1338 3630 1466 3718 πλειάς,

270 3760 378 3820 crebro
400 3757 605 3835 inveniantur,
628 3779 679 3822 eos
697 3759 736 3821 ad
760 3758 971 3822 auctoritatem
994 3752 1258 3832 grammaticorum
1281 3748 1466 3810 Alexandri·

342 3952 377 4018 84’)
396 3951 428 4007 cf.
438 3950 535 4005 Athen.
555 3951 615 4007 libr.
626 3951 690 4004 xlv
700 3967 725 4018 p.
737 3950 790 4004 634
808 3949 880 4012 »Ἴων
898 3947 914 3999 o‘
934 3953 1039 4003 Χῖος...
1059 3941 1126 4010 ὅπερ
1145 3939 1326 4022 ἐξηγορμενος
1344 3942 1467 4010 ἰαμβεῖον

270 4041 444 4112 Ἀρίσταρχος
469 4039 486 4092 c‘
509 4035 714 4110 γραμματικόέ(
741 4041 770 4092 et
791 4038 853 4090 libr.
871 4036 911 4088 XI
929 4050 956 4102 p.
974 4033 1027 4086 468
1046 4027 1138 4100 „nupti
1149 4028 1221 4084 Ἴωνι
1239 4027 1270 4081 ἐν
1286 4028 1467 4100 Ἀγαμέμνονι

270 4136 403 4201 „paulu
420 4128 436 4182 ὁ
455 4127 595 4200 Δίδυμος“.
623 4127 692 4181 Vide
710 4125 805 4194 igitur,
829 4141 864 4177 ne
881 4122 970 4176 titulis
988 4121 1117 4174 librorum
1135 4118 1322 4189 Aristophanis
1340 4122 1389 4173 aut
1405 4117 1466 4172 Ari·

271 4220 374 4273 starchi
400 4222 449 4273 aut
474 4218 584 4288 Didymi
611 4218 646 4272 ad
673 4213 818 4284 imaginem
846 4210 955 4266 canonis
982 4208 1169 4264 delineandam
1191 4213 1219 4264 te
1238 4209 1361 4264 adiuvari
1378 4211 1466 4276 putes.

271 4308 374 4367 Deinde
402 4324 455 4386 qua
481 4308 561 4370 ruine
583 4307 626 4362 rel
651 4304 759 4360 nomine
776 4318 868 4358 eorum
885 4301 1014 4356 librorum
1033 4315 1159 4380 oppressa
1177 4299 1240 4366 sint,
1259 4298 1382 4356 oblivisci
1399 4297 1465 4352 noli.
