3386 4986
591 297 915 376 '-1r-

209 513 327 576 oodioes
359 516 424 574 tum
456 509 692 592 Bambergensis
724 509 767 585 M,
791 509 848 586 IV,
874 516 893 571 4
917 510 1023 590 quiin
1047 509 1402 579 eissermonistluinti·

133 694 136 701 ,
208 619 299 682 lianei
337 618 484 700 partibus,
521 637 598 698 quae
631 625 664 680 et
694 619 726 678 in
759 617 862 678 eodiee
885 617 1085 679 Ambrosiano
1115 619 1178 678 133
1202 623 1234 678 et
1255 615 1404 678 Beruensi

211 732 273 790 351
292 727 412 801 desunt,
435 727 527 806 longe
542 725 674 808 optimus
691 723 850 784 habendus
869 727 916 784 est
938 724 986 804 (el.
1003 718 1159 784 Halmium
1182 724 1214 784 in
1232 723 1404 804 „Sitzungs-

211 833 348 894 beriehte
388 833 444 893 der
475 832 641 893 Academia
673 831 728 891 der
754 829 1019 891 wissenschaften
1042 853 1078 892 zu
1101 831 1273 893 Miinohen“
1295 829 1355 893 vol.
1378 831 1405 907 I,

211 961 239 1022 p.
266 944 328 1002 514
353 959 418 1018 sqq.
452 943 484 1000 et
514 938 607 1020 praei.
635 937 708 999 edit.
754 936 882 1008 Quintil.
907 958 935 1016 p.
960 935 1062 1017 VHI),
1081 958 1141 1000 non
1164 941 1339 1021 „poetarum
1361 937 1405 998 iu-

213 1046 322 1121 dioes“‚
364 1047 420 1106 sed
456 1047 631 1126 „poetarum
664 1044 826 1105 iudieium“
860 1042 1015 1104 exhibent.
1069 1044 1155 1106 Haeo
1187 1049 1290 1108 autem
1312 1045 1407 1106 verba

212 1149 280 1214 euni
317 1151 514 1232 languidioris
551 1151 748 1232 appositionis
771 1151 905 1232 speeiem
927 1169 1000 1230 prae
1024 1151 1188 1230 sederant,
1212 1151 1353 1214 Osannus
1375 1150 1407 1210 in

212 1261 325 1322 adnott.
346 1261 423 1322 oritt.
442 1260 472 1318 in
489 1259 618 1330 Quintil.
633 1259 716 1323 instt.
734 1263 823 1320 oratt.
843 1257 910 1318 libr.
927 1256 959 1317 X
983 1254 1126 1340 (Giessae
1144 1259 1243 1338 1850)
1266 1281 1294 1340 p.
1319 1263 1338 1320 8
1363 1279 1406 1338 sq.

212 1368 362 1448 glossema
374 1367 398 1443 8)
431 1387 498 1428 esse
531 1387 572 1428 ex
605 1366 716 1442 verbis,
749 1385 827 1446 quae
861 1369 1036 1444 sequuntur,
1069 1365 1256 1440 ,Aristarchi
1278 1364 1407 1427 iudieie“

168 1535 172 1540 .
212 1474 340 1557 petitum
363 1477 447 1536 reete
471 1475 615 1553 eognovit
638 1477 730 1551 atque
753 1470 894 1533 Halmius
916 1473 948 1533 in
971 1471 1105 1534 editione
1129 1491 1186 1534 sua
1208 1471 1320 1555 optimo
1342 1473 1408 1533 iure

210 1599 335 1664 prorsus
357 1580 465 1642 omisit.

302 1688 449 1751 Attamen
481 1707 541 1748 non
565 1687 633 1747 ideo
657 1686 757 1748 minue
781 1691 842 1748 stat
864 1687 921 1748 looi
945 1686 1027 1746 illius
1050 1685 1187 1765 gravitas
1210 1705 1309 1767 neque
1333 1706 1410 1767 quae

137 1791 140 1796 ’
214 1799 252 1858 ad
286 1794 468 1855 sententiam
501 1795 729 1854 sustentandam
761 1793 792 1853 in
825 1793 1030 1854 testimenium
1052 1791 1257 1855 Ruhnkenius
1280 1793 1410 1870 vocarit,

213 1901 397 1972 euenerunt
429 1902 488 1962 ana
506 1868 615 1962 ‘versa
638 1899 799 1961 sonantur:
833 1900 912 1977 (ner.
937 1900 963 1976 1,
988 1903 1015 1976 4,
1042 1901 1073 1977 s)
1096 1898 1343 1975 ‚,...iudiei0...
1367 1900 1411 1962 ia

217 2021 325 2070 severe
358 2015 430 2072 sunt
455 2009 503 2070 usi
527 2013 650 2069 veteres
673 2007 870 2085 grammatici,
892 2010 1010 2068 utnon
1032 2025 1142 2067 versus
1164 2006 1250 2068 modo
1273 2007 1412 2068 eensoria

216 2105 345 2197 quadam
386 2117 507 2195 virgula
548 2121 654 2177 notare
687 2119 719 2174 et
750 2114 852 2188 libros,
885 2111 937 2191 qui
964 2111 1039 2174 falso
1063 2113 1244 2176 viderentur
1265 2113 1411 2195 inseripti,

217 2233 368 2304 tamquam
385 2223 524 2284 subditos
540 2241 731 2283 summovere
755 2219 868 2280 familia
890 2219 1084 2299 permiserint
1106 2219 1172 2295 sibi,
1196 2221 1250 2280 sed
1273 2222 1411 2282 auctores

158 2339 161 2342 '
213 2331 288 2392 alios
319 2331 356 2390 in
388 2330 551 2389 ordinem
584 2327 819 2406 redegerint,
852 2325 926 2386 alios
950 2327 1092 2389 omnino
1116 2327 1322 2390 exemerint
1344 2348 1410 2389 nu-

214 2441 337 2498 mero.“

193 2541 196 2546 “
304 2543 381 2604 Esse
413 2542 460 2602 his
492 2541 566 2602 loeis
589 2541 639 2616 „in
661 2559 820 2600 numerum
844 2539 1003 2620 redigere“
1026 2541 1078 2602 vel
1100 2541 1151 2618 „in
1175 2541 1311 2603 ordinem
1333 2543 1411 2604 redi-

217 2656 308 2730 gere“
341 2655 373 2711 et
400 2668 543 2726 „numero
567 2648 723 2710 eximere“
746 2646 951 2708 Ruhnkenius
973 2647 1134 2710 affirmavit
1156 2649 1323 2711 loeutiones
1345 2649 1412 2712 lati-

218 2776 273 2819 nas
313 2777 367 2839 pro
409 2756 526 2836 graecis
558 2751 758 2840 ,,ἑγκρι’νειν“
792 2761 824 2816 et
855 2748 1066 2838 ,,ε’κκρίνειν“.
1113 2755 1181 2817 Heo
1213 2756 1301 2832 enirn,
1333 2761 1369 2818 ut
1395 2779 1413 2820 e

218 2884 342 2926 numero
381 2869 498 2946 septem
537 2863 717 2945 sapientium
750 2862 950 2922 Periandrum
988 2882 1055 2924 esse
1087 2867 1236 2925 remotum
1267 2868 1412 2940 narraret,

214 2991 302 3031 usum
336 2991 403 3032 esse
436 2971 600 3033 Diodorum
633 2971 713 3046 (libr.
748 2969 807 3044 IX,
842 2973 860 3027 6
885 2967 974 3029 Dind.
1007 2959 1195 3044 „Modoutou
1218 2959 1412 3054 ἄντεισῆξαν

217 3068 265 3147 εἰς
301 3070 376 3148 τοὺς
409 3071 534 3162 σοφούς
567 3071 772 3158 inspirantes
812 3067 869 3136 τὸν
901 3069 1106 3158 Περίανδρον
1138 3068 1196 3136 τὸν
1226 3071 1412 3158 Κορίνθιον
1460 3153 1461 3156 ¹

217 3173 274 3240 διὰ
313 3173 352 3241 τὸ
390 3171 542 3264 τύραννον
579 3179 743 3263 γεγονέναι
786 3171 958 3264 πικρόν),
998 3179 1082 3240 illam
1114 3186 1216 3242 autem
1251 3177 1411 3267 ἐγκρίνειν

216 3307 322 3350 vocem
356 3287 529 3367 saepissime
569 3291 607 3347 de
646 3290 689 3348 eis
727 3288 933 3369 scriptoribus,
972 3287 1025 3366 qui
1057 3287 1095 3346 ad
1122 3287 1302 3350 imitandum
1326 3292 1411 3370 quasi

216 3395 351 3457 wnoniei
382 3398 636 3475 proponerentur,
668 3394 807 3476 usurpari
838 3395 926 3454 velut
957 3413 975 3454 a
1003 3392 1096 3455 Suida
1119 3413 1142 3456 s.
1166 3415 1195 3456 v.
1224 3391 1411 3481 Δείναρχος·

217 3493 344 3588 ,ῥήτωρ
378 3501 443 3561 τῶν
470 3492 553 3580 μετὰ
575 3494 812 3586 Λημοσθένους
836 3487 1156 3584 &penetraverant
1202 3499 1314 3565 Contra
1336 3502 1410 3567 Wo-

218 3610 346 3670 werium
378 3608 478 3669 virum
511 3607 725 3683 doctissimum,
757 3607 838 3686 quod
870 3605 1039 3686 Polymath.
1073 3627 1096 3670 o.
1116 3607 1197 3670 XVI
1220 3608 1271 3693 (ef.
1295 3609 1412 3674 Graevi

217 3716 349 3780 thesaur.
382 3717 442 3778 vol.
465 3715 498 3776 X
530 3737 558 3797 p.
585 3714 682 3796 1067)
715 3712 895 3784 Quintiliani
919 3713 1017 3776 looum
1039 3715 1082 3778 ita
1104 3716 1279 3797 aeoepisset,
1302 3722 1338 3778 ut
1360 3717 1411 3793 „in

219 3823 354 3884 ordinem
393 3823 553 3903 redigere“
594 3823 785 3903 significaret
809 3821 907 3898 „inter
930 3821 1008 3882 viles
1031 3823 1169 3884 abioere“
1203 3827 1235 3884 et
1267 3843 1410 3899 „numero
1495 3836 1497 3839 ’

290 3999 312 4066 ⁸)
331 3999 503 4053 simillimum
529 4000 662 4068 glossema
688 3999 765 4063 „laus
785 3995 939 4052 Ciceronis
959 3999 1096 4068 aliquanto
1113 3980 1176 4068 'post
1193 4001 1235 4064 (X,
1258 4001 1280 4062 l,
1303 3999 1363 4065 109)
1381 3997 1409 4050 in

220 4087 308 4140 oodiee
327 4089 520 4158 Bambergensi
537 4089 591 4160 ipsi
609 4087 724 4142 sermoni
742 4088 873 4142 insertum
892 4092 941 4154 est,
965 4088 1035 4156 quod
1055 4087 1152 4142 eodieis
1170 4088 1314 4142 Bemensis
1333 4085 1408 4140 addi·

219 4179 264 4228 tur
289 4176 317 4229 in
335 4179 465 4245 margine.
500 4177 600 4233 Earum
619 4179 822 4232 adnotationum
841 4193 909 4246 quae
928 4178 961 4231 ad
980 4182 1170 4246 argumentum
1188 4175 1317 4231 sermonis
1336 4191 1409 4243 spee-

218 4269 286 4332 tant,
305 4267 425 4333 exempla
443 4269 520 4334 plura
538 4265 660 4322 Osannus
679 4269 697 4322 l.
708 4268 725 4323 l.
745 4268 842 4335 posuit.

670 4355 671 4358 ’
1196 4355 1213 4406 2
