3386 4986
730 325 1017 383 *-a4-

309 518 387 596 niae,
410 540 500 600 quem
525 519 744 598 Bernhardyus
767 517 836 578 hist.
860 516 919 579 litt.
944 518 1016 597 gr.³
1039 518 1083 594 Π,
1108 523 1136 593 1,
1162 518 1225 580 544
1249 515 1371 578 vocavit
1393 515 1505 576 Anani-

309 646 370 703 um,
389 626 606 688 Archilochum
628 630 660 688 et
676 624 898 706 Hipponactem
920 625 1091 705 postposuit
1113 625 1162 704 (ef.
1186 613 1408 709 „dotnpsrreig
1431 615 1507 702 ἰαμ-

308 723 473 818 poppaea
511 733 613 816 τρεῖς·
653 722 816 808 Ἀνανίας,
856 721 1056 816 Ἀρχίλοχος,
1100 720 1311 813 Ἱππώναξί).
1369 729 1508 807 Accedit,
1547 791 1554 804 ‚

309 841 390 920 quod
422 839 541 902 Plinius
575 839 663 921 epist.
696 839 754 916 IV,
789 845 816 915 3,
852 845 869 901 3
900 839 1078 900 aestimandi
1101 838 1338 900 diversissimam
1361 837 1509 900 rationem
1677 841 1678 848 ’

310 945 451 1011 reddidit.
498 945 567 1022 „Ita
598 949 682 1006 certe
715 966 790 1022 snm,
822 945 929 1026 inquit,
953 946 1188 1028 adfectusipsc,
1212 965 1281 1007 eum
1304 944 1508 1026 (111111111-

312 1057 479 1134 grammata
502 1058 562 1129 tus,
587 1072 655 1114 eum
677 1052 792 1116 iambos
814 1051 952 1134 proxime
976 1053 1120 1132 legerem.
1160 1053 1317 1124 Quantum
1340 1053 1382 1114 ibi
1405 1053 1508 1114 huma·

251 1159 256 1168 ’
310 1159 424 1238 nitatis,
456 1161 635 1236 venustatis,
668 1179 759 1240 quam
791 1159 894 1220 dulcia
915 1159 978 1236 illa,
1002 1178 1092 1238 qnam
1116 1160 1254 1236 amantia,
1278 1179 1367 1240 quam
1391 1163 1509 1239 arguta,

255 1329 258 1336 ,
309 1286 400 1348 quam
432 1269 527 1329 reeta!
574 1266 791 1330 Callimachum
822 1286 872 1326 me
902 1267 954 1327 vel
977 1266 1133 1329 Herodem
1156 1267 1208 1327 vel
1232 1266 1256 1328 si
1280 1267 1353 1346 quid
1376 1266 1423 1327 his
1446 1286 1508 1327 me-

310 1375 371 1436 lius
390 1379 495 1436 tenere
512 1376 834 1464 eredebammqucrum
859 1377 960 1434 tamen
983 1379 1092 1437 neuter
1114 1379 1277 1454 utrumque
1300 1379 1354 1436 aut
1376 1373 1510 1436 absolvit

309 1485 363 1544 aut
376 1481 505 1561 attigit.“
537 1482 604 1544 Hoc
627 1482 693 1542 loeo
716 1479 871 1542 Herodem
894 1481 1178 1562 iambographorum
1202 1481 1380 1563 principem,
1404 1500 1508 1560 quem-

308 1589 470 1651 admodum
502 1587 829 1670 epigrammatistarum
862 1586 1092 1665 Callimachum,
1125 1608 1143 1649 a
1175 1588 1273 1650 Plinio
1300 1587 1406 1650 haberi
1439 1587 1508 1666 quis

310 1696 433 1776 estqui
457 1715 516 1758 non
540 1693 690 1756 miretur?
736 1695 841 1766 Quid?
889 1696 1004 1758 Totane
1027 1695 1192 1776 antiquitas
1215 1695 1387 1778 praeceptis
1410 1714 1508 1773 gram·

310 1804 486 1866 malleorum
518 1802 798 1864 Alexandrinorum
833 1802 960 1864 seruiit?
1015 1802 1097 1863 Num
1129 1803 1181 1883 qui
1213 1803 1251 1864 ab
1285 1803 1330 1864 eis
1358 1803 1396 1863 ad
1419 1822 1508 1862 usum

310 1911 451 1973 ludorum
483 1907 636 1987 designati
670 1911 765 1984 erant,
798 1909 854 1970 soli
887 1909 1034 1988 vigebant
1065 1909 1279 1991 hominumque
1302 1909 1403 1972 studia
1425 1912 1508 1970 1111-

304 2016 407 2080 ·bant?
452 2016 587 2093 Minime,
611 2018 647 2078 ut
669 2014 804 2076 videtur!
915 2047 917 2051 ι

400 2229 539 2294 Summos
570 2229 602 2291 in
636 2226 815 2308 elegiacae
847 2223 966 2310 polisls
994 2248 1108 2308 genere
1130 2230 1211 2292 inter
1234 2232 1369 2294 eruditos
1392 2237 1518 2295 constat·
1544 2268 1548 2275 ·

310 2337 527 2401 Callimachum
550 2342 582 2400 et
606 2337 757 2398 Philotam
781 2355 798 2396 a
821 2336 980 2417 Propertio
1004 2336 1131 2418 aliisque
1154 2338 1251 2420 poetis
1275 2337 1427 2414 Romanis,
1452 2339 1504 2418 qui

311 2466 362 2508 eos
393 2445 595 2519 imitarentur,
627 2443 720 2505 fnisse
752 2442 941 2506 existimatos
973 2440 1024 2528 (ef.
1048 2444 1320 2522 Westermannum
1342 2447 1375 2508 in
1397 2445 1508 2525 Paulyi

311 2551 429 2632 encycl.
462 2553 522 2614 vel.
555 2550 585 2612 V
617 2571 645 2633 p.
681 2549 789 2632 1470).
837 2549 897 2612 Sed
921 2554 953 2612 et
976 2551 1019 2612 eis
1042 2551 1196 2629 Horatius,
1220 2554 1272 2632 qui
1295 2553 1506 2614 Mimnermum

314 2657 497 2720 Callimacho
520 2657 619 2739 pluris
642 2657 789 2739 pependit
812 2655 912 2741 (epist.
928 2657 973 2734 II,
990 2665 1020 2736 2,
1042 2680 1072 2722 v,
1092 2661 1176 2739 101),
1200 2657 1385 2740 repugnavit
1406 2670 1505 2728 neque

311 2764 492 2834 Quintiliani
525 2763 714 2846 temporibus
745 2784 926 2826 consensum
957 2766 1051 2828 fuisse
1085 2767 1150 2826 eins
1182 2763 1286 2824 verbis
1313 2757 1504 2819 confirmatur

311 2871 378 2946 (1.1.
402 2869 429 2950 ᾗ.
455 2871 509 2951 56)
541 2870 677 2950 „elegiae
709 2872 850 2954 princeps
878 2873 1009 2934 habetur
1031 2869 1241 2941 Callimachus,
1264 2862 1413 2925 secundas
1435 2879 1503 2922 eon-

309 2977 441 3039 fessione
472 2979 710 3059 plurimorum
742 2979 878 3042 Philetas
905 2977 1091 3060 occupavit.“
1137 2973 1252 3033 Verum
1284 2968 1376 3031 etiam
1398 2971 1505 3050 postca

310 3083 342 3144 in
384 3084 540 3146 diversum
578 3087 746 3148 tendebant
784 3086 966 3148 sententiae:
1004 3081 1129 3142 Preclus
1161 3078 1241 3140 enim
1264 3099 1293 3160 p.
1318 3079 1381 3140 319
1406 3074 1506 3138 Bekk.

311 3194 352 3273 (p.
378 3195 440 3253 345
466 3190 574 3272 Gaisf.)
616 3196 648 3254 et
685 3193 847 3274 scriptores
885 3193 965 3253 tabb.
1000 3186 1088 3248 Coisl.
1122 3185 1148 3266 ξ.
1173 3191 1191 3249 8
1227 3191 1259 3247 11
1281 3183 1369 3247 Bcdl.
1393 3182 1420 3262 ᾗ.
1444 3181 1507 3243 XV

312 3296 473 3375 Callinnm,
492 3299 715 3377 Mimnermum,
739 3301 897 3374 Philotam,
921 3294 1137 3358 Callimachum
1161 3292 1271 3356 aetatis
1294 3291 1400 3354 ordine
1424 3287 1507 3350 dein-

313 3423 385 3486 ceps
417 3405 597 3488 compositos
628 3407 778 3483 referunt3
811 3426 878 3467 cum
905 3403 937 3464 in
960 3403 1140 3483 fragmento,
1163 3402 1246 3482 quod
1269 3397 1433 3462 Censorino
1457 3394 1507 3454 ad-

311 3510 463 3589 scribitur,
497 3532 521 3576 c.
547 3517 586 3576 12
611 3535 640 3594 p.
666 3519 706 3576 63
730 3512 872 3576 Hnltsch.
896 3514 1038 3573 narratur
1071 3507 1289 3592 „antiquissimi
1323 3506 1507 3584 [1111111111-

311 3621 411 3680 tarum
434 3617 594 3697 Homerus,
628 3620 789 3696 Hesiodus,
822 3618 979 3700 Pisander,
1002 3619 1058 3682 hos
1081 3617 1178 3681 secuti
1202 3611 1339 3692 elegiarii
1363 3609 1508 3686 Callinus,

311 3725 519 3805 Mimnermus,
534 3727 686 3805 Euenus‘,
711 3748 815 3791 eornm
829 3726 950 3789 nomina
973 3727 1016 3789 ita
1038 3729 1200 3808 ponuntur,
1224 3723 1259 3781 ut
1280 3717 1367 3798 quasi
1385 3716 1508 3779 nobilis·

312 3833 380 3894 simi
412 3839 696 3913 commemorantum
729 3837 767 3896 ab
799 3836 905 3898 Isaaeo
940 3835 1051 3896 Tnetza
1081 3830 1132 3889 ll.
1155 3845 1183 3908 p.
1208 3830 1270 3888 257
1297 3822 1508 3900 Callimachus,

311 3939 520 4019 Mimnermus,
552 3919 689 4004 Philetas
722 3943 946 4022 praedicantur.
1001 3933 1150 4005 Quoniam
1182 3949 1257 3992 vero
1289 3931 1510 4012 Aristophanes

312 4053 405 4127 atque
438 4049 635 4110 Aristarchus
663 4048 782 4107 nullum
804 4047 962 4124 aequalem
984 4043 1016 4101 in
1038 4057 1198 4102 numerum
1219 4039 1415 4117 redegerunt,
1439 4037 1509 4099 Phi-

311 4155 406 4216 letam
438 4157 470 4216 et
502 4152 720 4217 Callimachum
753 4153 861 4232 utpote
893 4147 945 4229 qui
968 4147 1210 4209 Ptolemaeorum
1233 4149 1334 4207 aetate
1356 4145 1509 4222 viverent,

283 4309 286 4317 .
312 4265 451 4344 receptos
484 4279 544 4323 neu
576 4278 644 4323 esse
676 4256 729 4320 uni
758 4255 867 4342 cuique
890 4255 994 4338 liquet.
1039 4253 1150 4337 Itaque
1173 4254 1199 4315 si
1221 4253 1267 4315 illi
1290 4253 1350 4315 viri
1373 4252 1509 4316 ordinem
