<?xml version="1.0" encoding="UTF-8"?>
<!DOCTYPE html PUBLIC "-//W3C//DTD XHTML 1.0 Transitional//EN"
    "http://www.w3.org/TR/xhtml1/DTD/xhtml1-transitional.dtd">
<html xmlns="http://www.w3.org/1999/xhtml" xml:lang="en" lang="en">
 <head>
  <title>
</title>
<meta http-equiv="Content-Type" content="text/html;charset=utf-8" />
  <meta name='ocr-system' content='tesseract 3.04.00' />
  <meta name='ocr-capabilities' content='ocr_page ocr_carea ocr_par ocr_line ocrx_word'/>
</head>
<body>
  <div class='ocr_page' id='page_1' title='image "./decanonequidici00stefgoog_0050.png"; bbox 0 0 3386 4986; ppageno 0'>
   <div class='ocr_carea' id='block_1_1' title="bbox 766 357 986 416">
    <p class='ocr_par' dir='ltr' id='par_1_1' title="bbox 766 357 986 416">
     <span class='ocr_line' id='line_1_1' title="bbox 766 357 986 416; baseline 0 -16"><span class='ocrx_word' id='word_1_1' title='bbox 766 357 986 416; x_wconf 65' lang='lat'><strong>..33.„</strong></span> 
     </span>
    </p>
   </div>
   <div class='ocr_carea' id='block_1_2' title="bbox 276 547 1473 738">
    <p class='ocr_par' dir='ltr' id='par_1_2' title="bbox 276 547 1473 738">
     <span class='ocr_line' id='line_1_2' title="bbox 277 547 1473 634; baseline 0 -22"><span class='ocrx_word' id='word_1_2' title='bbox 277 550 527 634; x_wconf 68' lang='lat' dir='ltr'><strong>epigrammatum</strong></span> <span class='ocrx_word' id='word_1_3' title='bbox 560 550 724 632; x_wconf 77' lang='lat' dir='ltr'>scriptores</span> <span class='ocrx_word' id='word_1_4' title='bbox 757 554 896 632; x_wconf 88' lang='lat' dir='ltr'><strong>spectare</strong></span> <span class='ocrx_word' id='word_1_5' title='bbox 919 550 1105 630; x_wconf 89' lang='lat' dir='ltr'><strong>utquisque</strong></span> <span class='ocrx_word' id='word_1_6' title='bbox 1129 554 1177 612; x_wconf 90' lang='lat' dir='ltr'><strong>est</strong></span> <span class='ocrx_word' id='word_1_7' title='bbox 1198 547 1331 613; x_wconf 86' lang='lat' dir='ltr'><strong>maxime</strong></span> <span class='ocrx_word' id='word_1_8' title='bbox 1353 569 1473 613; x_wconf 91' lang='lat' dir='ltr'><strong>emunc-</strong></span> 
     </span>
     <span class='ocr_line' id='line_1_3' title="bbox 276 656 901 738; baseline -0.002 -17"><span class='ocrx_word' id='word_1_9' title='bbox 276 663 334 737; x_wconf 91' lang='lat' dir='ltr'><strong>tus‚</strong></span> <span class='ocrx_word' id='word_1_10' title='bbox 358 659 401 722; x_wconf 85' lang='lat' dir='ltr'><strong>ita</strong></span> <span class='ocrx_word' id='word_1_11' title='bbox 424 659 569 721; x_wconf 79' lang='lat' dir='ltr'>concedet</span> <span class='ocrx_word' id='word_1_12' title='bbox 591 656 689 719; x_wconf 89' lang='lat' dir='ltr'><strong>animo</strong></span> <span class='ocrx_word' id='word_1_13' title='bbox 713 657 901 738; x_wconf 88' lang='lat' dir='ltr'><strong>aequissimo.</strong></span> 
     </span>
    </p>
   </div>
   <div class='ocr_carea' id='block_1_3' title="bbox 275 798 1476 1099">
    <p class='ocr_par' dir='ltr' id='par_1_3' title="bbox 275 798 1476 1099">
     <span class='ocr_line' id='line_1_4' title="bbox 365 798 1475 884; baseline -0.001 -20"><span class='ocrx_word' id='word_1_14' title='bbox 365 800 528 864; x_wconf 86' lang='lat' dir='ltr'><strong>Geminum</strong></span> <span class='ocrx_word' id='word_1_15' title='bbox 550 800 642 862; x_wconf 87' lang='lat' dir='ltr'><strong>iocosi</strong></span> <span class='ocrx_word' id='word_1_16' title='bbox 665 800 759 862; x_wconf 90' lang='lat' dir='ltr'><strong>iudici</strong></span> <span class='ocrx_word' id='word_1_17' title='bbox 782 802 958 882; x_wconf 87' lang='lat' dir='ltr'><strong>exemplum</strong></span> <span class='ocrx_word' id='word_1_18' title='bbox 982 804 1030 862; x_wconf 90' lang='lat' dir='ltr'><strong>est</strong></span> <span class='ocrx_word' id='word_1_19' title='bbox 1051 798 1288 884; x_wconf 77' lang='lat' dir='ltr'><strong>tragicorum,</strong></span> <span class='ocrx_word' id='word_1_20' title='bbox 1312 823 1402 882; x_wconf 77' lang='lat' dir='ltr'><strong>quae</strong></span> <span class='ocrx_word' id='word_1_21' title='bbox 1423 802 1475 864; x_wconf 91' lang='lat' dir='ltr'><strong>di-</strong></span> 
     </span>
     <span class='ocr_line' id='line_1_5' title="bbox 277 896 1473 992; baseline 0 -20"><span class='ocrx_word' id='word_1_22' title='bbox 277 910 388 986; x_wconf 89' lang='lat' dir='ltr'><strong>citur,</strong></span> <span class='ocrx_word' id='word_1_23' title='bbox 430 896 605 982; x_wconf 86' lang='grc' dir='ltr'><em>πλειάς.</em></span> <span class='ocrx_word' id='word_1_24' title='bbox 670 909 830 990; x_wconf 84' lang='lat' dir='ltr'><strong>Interpres</strong></span> <span class='ocrx_word' id='word_1_25' title='bbox 868 908 949 970; x_wconf 88' lang='lat' dir='ltr'><strong>enim</strong></span> <span class='ocrx_word' id='word_1_26' title='bbox 981 907 1219 990; x_wconf 78' lang='lat' dir='ltr'>Hephaestionis</span> <span class='ocrx_word' id='word_1_27' title='bbox 1249 931 1278 992; x_wconf 93' lang='lat' dir='ltr'><strong>p.</strong></span> <span class='ocrx_word' id='word_1_28' title='bbox 1304 912 1344 970; x_wconf 86' lang='grc'><strong>57</strong></span> <span class='ocrx_word' id='word_1_29' title='bbox 1379 908 1473 972; x_wconf 80' lang='lat' dir='ltr'><strong>Gaias.</strong></span> 
     </span>
     <span class='ocr_line' id='line_1_6' title="bbox 275 1015 1476 1099; baseline -0.003 -19"><span class='ocrx_word' id='word_1_30' title='bbox 275 1017 386 1098; x_wconf 84' lang='lat' dir='ltr'><strong>(Oxon.</strong></span> <span class='ocrx_word' id='word_1_31' title='bbox 423 1019 521 1094; x_wconf 87' lang='lat'>1855)</span> <span class='ocrx_word' id='word_1_32' title='bbox 554 1018 676 1076; x_wconf 85' lang='lat' dir='ltr'><strong>enarrat</strong></span> <span class='ocrx_word' id='word_1_33' title='bbox 710 1016 878 1078; x_wconf 78' lang='lat' dir='ltr'><strong>Ptolemaei</strong></span> <span class='ocrx_word' id='word_1_34' title='bbox 901 1015 1089 1096; x_wconf 77' lang='lat' dir='ltr'><strong>temporibus</strong></span> <span class='ocrx_word' id='word_1_35' title='bbox 1112 1019 1230 1097; x_wconf 82' lang='lat' dir='ltr'><strong>septem</strong></span> <span class='ocrx_word' id='word_1_36' title='bbox 1253 1015 1476 1099; x_wconf 85' lang='lat' dir='ltr'><strong>praestantissi-</strong></span> 
     </span>
    </p>
   </div>
   <div class='ocr_carea' id='block_1_4' title="bbox 275 1121 1585 1208">
    <p class='ocr_par' dir='ltr' id='par_1_4' title="bbox 275 1121 1585 1208">
     <span class='ocr_line' id='line_1_7' title="bbox 275 1121 1585 1208; baseline -0.002 -22"><span class='ocrx_word' id='word_1_37' title='bbox 275 1145 339 1186; x_wconf 90' lang='lat' dir='ltr'><strong>mos</strong></span> <span class='ocrx_word' id='word_1_38' title='bbox 371 1123 502 1202; x_wconf 86' lang='lat' dir='ltr'><strong>tragicos</strong></span> <span class='ocrx_word' id='word_1_39' title='bbox 534 1121 627 1184; x_wconf 83' lang='lat' dir='ltr'><strong>fuisse</strong></span> <span class='ocrx_word' id='word_1_40' title='bbox 660 1123 835 1199; x_wconf 86' lang='lat' dir='ltr'><strong>Homerum,</strong></span> <span class='ocrx_word' id='word_1_41' title='bbox 870 1122 1051 1198; x_wconf 79' lang='lat' dir='ltr'><strong>Sositheum,</strong></span> <span class='ocrx_word' id='word_1_42' title='bbox 1074 1121 1317 1205; x_wconf 86' lang='lat' dir='ltr'><strong>Lycophronem,</strong></span> <span class='ocrx_word' id='word_1_43' title='bbox 1340 1124 1475 1185; x_wconf 83' lang='lat' dir='ltr'><strong>Alexan·</strong></span> <span class='ocrx_word' id='word_1_44' title='bbox 1582 1201 1585 1208; x_wconf 29' lang='grc' dir='ltr'>Ι</span> 
     </span>
    </p>
   </div>
   <div class='ocr_carea' id='block_1_5' title="bbox 203 1229 1543 2915">
    <p class='ocr_par' dir='ltr' id='par_1_5' title="bbox 203 1229 1543 2915">
     <span class='ocr_line' id='line_1_8' title="bbox 275 1229 1477 1311; baseline 0 -19"><span class='ocrx_word' id='word_1_45' title='bbox 275 1233 372 1307; x_wconf 89' lang='lat' dir='ltr'><strong>drum,</strong></span> <span class='ocrx_word' id='word_1_46' title='bbox 405 1229 563 1305; x_wconf 73' lang='lat' dir='ltr'><strong>Philinum,</strong></span> <span class='ocrx_word' id='word_1_47' title='bbox 596 1229 823 1311; x_wconf 83' lang='lat' dir='ltr'><strong>Dionysiadem,</strong></span> <span class='ocrx_word' id='word_1_48' title='bbox 862 1229 1053 1292; x_wconf 83' lang='lat' dir='ltr'><strong>Aeantidem&#39;</strong></span> <span class='ocrx_word' id='word_1_49' title='bbox 1078 1232 1170 1310; x_wconf 90' lang='lat' dir='ltr'><strong>atquc</strong></span> <span class='ocrx_word' id='word_1_50' title='bbox 1192 1231 1271 1291; x_wconf 88' lang='lat' dir='ltr'><strong>hano</strong></span> <span class='ocrx_word' id='word_1_51' title='bbox 1295 1232 1332 1292; x_wconf 90' lang='lat' dir='ltr'><strong>ob</strong></span> <span class='ocrx_word' id='word_1_52' title='bbox 1356 1249 1477 1292; x_wconf 70' lang='lat' dir='ltr'><strong>oaumm</strong></span> 
     </span>
     <span class='ocr_line' id='line_1_9' title="bbox 274 1325 1476 1419; baseline -0.004 -16"><span class='ocrx_word' id='word_1_53' title='bbox 274 1340 395 1403; x_wconf 90' lang='lat' dir='ltr'><strong>nomine</strong></span> <span class='ocrx_word' id='word_1_54' title='bbox 410 1325 569 1410; x_wconf 78' lang='grc' dir='ltr'><em>πλειάδος</em></span> <span class='ocrx_word' id='word_1_55' title='bbox 583 1325 751 1418; x_wconf 86' lang='lat' dir='ltr'><strong>appellatos</strong></span> <span class='ocrx_word' id='word_1_56' title='bbox 766 1358 840 1399; x_wconf 89' lang='lat' dir='ltr'><strong>esse.</strong></span> <span class='ocrx_word' id='word_1_57' title='bbox 864 1337 954 1398; x_wconf 81' lang='lat' dir='ltr'><strong>Alius</strong></span> <span class='ocrx_word' id='word_1_58' title='bbox 970 1340 1072 1398; x_wconf 91' lang='lat' dir='ltr'><strong>autem</strong></span> <span class='ocrx_word' id='word_1_59' title='bbox 1088 1337 1249 1400; x_wconf 86' lang='lat' dir='ltr'><strong>scholiasta</strong></span> <span class='ocrx_word' id='word_1_60' title='bbox 1274 1358 1304 1419; x_wconf 89' lang='lat' dir='ltr'><strong>p.</strong></span> <span class='ocrx_word' id='word_1_61' title='bbox 1317 1341 1379 1400; x_wconf 87' lang='grc'><strong>199</strong></span> <span class='ocrx_word' id='word_1_62' title='bbox 1394 1331 1476 1416; x_wconf 73' lang='lat' dir='ltr'><strong>„tui</strong></span> 
     </span>
     <span class='ocr_line' id='line_1_10' title="bbox 273 1432 1474 1532; baseline -0.002 -22"><span class='ocrx_word' id='word_1_63' title='bbox 273 1444 334 1529; x_wconf 82' lang='grc' dir='ltr'><strong>μὲν</strong></span> <span class='ocrx_word' id='word_1_64' title='bbox 352 1433 565 1529; x_wconf 64' lang='lat' dir='ltr'><strong>adspectatur,</strong></span> <span class='ocrx_word' id='word_1_65' title='bbox 589 1443 697 1524; x_wconf 90' lang='lat' dir='ltr'><strong>inquit,</strong></span> <span class='ocrx_word' id='word_1_66' title='bbox 720 1439 931 1526; x_wconf 82' lang='grc' dir='ltr'><strong><em>Πτολεμαίου</em></strong></span> <span class='ocrx_word' id='word_1_67' title='bbox 954 1442 1011 1506; x_wconf 79' lang='grc' dir='ltr'><strong>τοῦ</strong></span> <span class='ocrx_word' id='word_1_68' title='bbox 1032 1438 1244 1532; x_wconf 77' lang='grc' dir='ltr'><em>Φιλαδέλφου</em></span> <span class='ocrx_word' id='word_1_69' title='bbox 1269 1435 1356 1506; x_wconf 70' lang='grc' dir='ltr'><em>ἑπτά</em></span> <span class='ocrx_word' id='word_1_70' title='bbox 1379 1432 1474 1529; x_wconf 82' lang='grc' dir='ltr'><em>άρισ-</em></span> 
     </span>
     <span class='ocr_line' id='line_1_11' title="bbox 275 1535 1478 1637; baseline -0.004 -19"><span class='ocrx_word' id='word_1_71' title='bbox 275 1577 329 1618; x_wconf 83' lang='grc' dir='ltr'><strong>τοι</strong></span> <span class='ocrx_word' id='word_1_72' title='bbox 352 1542 503 1637; x_wconf 67' lang='grc' dir='ltr'><em>γεγόνασι</em></span> <span class='ocrx_word' id='word_1_73' title='bbox 529 1546 691 1636; x_wconf 82' lang='grc' dir='ltr'><em>τραγικοὶ,</em></span> <span class='ocrx_word' id='word_1_74' title='bbox 716 1535 769 1625; x_wconf 69' lang='grc' dir='ltr'><strong>οὓς</strong></span> <span class='ocrx_word' id='word_1_75' title='bbox 787 1542 959 1627; x_wconf 82' lang='grc' dir='ltr'><em>Πλειάδας</em></span> <span class='ocrx_word' id='word_1_76' title='bbox 982 1540 1141 1614; x_wconf 77' lang='grc' dir='ltr'><em>ἐκάλεσαν</em></span> <span class='ocrx_word' id='word_1_77' title='bbox 1165 1544 1222 1614; x_wconf 84' lang='grc' dir='ltr'><strong>διά</strong></span> <span class='ocrx_word' id='word_1_78' title='bbox 1245 1543 1283 1614; x_wconf 82' lang='grc' dir='ltr'><strong>τὸ</strong></span> <span class='ocrx_word' id='word_1_79' title='bbox 1306 1544 1478 1636; x_wconf 66' lang='grc' dir='ltr'><em>λαμπροὺς</em></span> 
     </span>
     <span class='ocr_line' id='line_1_12' title="bbox 275 1641 1478 1746; baseline -0.006 -19"><span class='ocrx_word' id='word_1_80' title='bbox 275 1651 412 1746; x_wconf 53' lang='grc' dir='ltr'><em>εἶναιῇἒν</em></span> <span class='ocrx_word' id='word_1_81' title='bbox 435 1660 475 1746; x_wconf 78' lang='grc' dir='ltr'><strong>τῇ</strong></span> <span class='ocrx_word' id='word_1_82' title='bbox 499 1658 647 1744; x_wconf 75' lang='grc' dir='ltr'><em>τραγικῇ,</em></span> <span class='ocrx_word' id='word_1_83' title='bbox 672 1648 785 1744; x_wconf 79' lang='grc' dir='ltr'><em>ὥσπερ</em></span> <span class='ocrx_word' id='word_1_84' title='bbox 807 1648 914 1744; x_wconf 81' lang='grc' dir='ltr'><em>άσσρα</em></span> <span class='ocrx_word' id='word_1_85' title='bbox 938 1653 972 1720; x_wconf 78' lang='grc' dir='ltr'><strong>ἐν</strong></span> <span class='ocrx_word' id='word_1_86' title='bbox 994 1659 1034 1743; x_wconf 74' lang='grc' dir='ltr'><strong>τῇ</strong></span> <span class='ocrx_word' id='word_1_87' title='bbox 1057 1649 1210 1722; x_wconf 88' lang='grc' dir='ltr'><em>Πλειάδι.</em></span> <span class='ocrx_word' id='word_1_88' title='bbox 1235 1652 1305 1732; x_wconf 81' lang='grc' dir='ltr'><em>εἰσὶ,</em></span> <span class='ocrx_word' id='word_1_89' title='bbox 1328 1655 1364 1722; x_wconf 78' lang='grc' dir='ltr'><strong>δὲ</strong></span> <span class='ocrx_word' id='word_1_90' title='bbox 1387 1641 1478 1721; x_wconf 71' lang='lat' dir='ltr'><strong>circa</strong></span> 
     </span>
     <span class='ocr_line' id='line_1_13' title="bbox 203 1754 1476 1856; baseline -0.002 -25"><span class='ocrx_word' id='word_1_91' title='bbox 203 1825 206 1831; x_wconf 90' lang='lat'>.</span> <span class='ocrx_word' id='word_1_92' title='bbox 277 1761 477 1856; x_wconf 81' lang='grc' dir='ltr'><em>Ὅμηρος...</em></span> <span class='ocrx_word' id='word_1_93' title='bbox 510 1762 568 1828; x_wconf 84' lang='grc' dir='ltr'><strong>καὶ</strong></span> <span class='ocrx_word' id='word_1_94' title='bbox 601 1761 775 1840; x_wconf 73' lang='grc' dir='ltr'><em>Σωσίθεος</em></span> <span class='ocrx_word' id='word_1_95' title='bbox 806 1761 864 1827; x_wconf 79' lang='grc' dir='ltr'><strong>καὶ</strong></span> <span class='ocrx_word' id='word_1_96' title='bbox 886 1754 1079 1852; x_wconf 81' lang='grc' dir='ltr'><em>Λυκόφρων</em></span> <span class='ocrx_word' id='word_1_97' title='bbox 1101 1761 1159 1828; x_wconf 78' lang='grc' dir='ltr'><strong>καὶ</strong></span> <span class='ocrx_word' id='word_1_98' title='bbox 1183 1756 1397 1853; x_wconf 80' lang='grc' dir='ltr'><em>Ἀλέξανδρος</em></span> <span class='ocrx_word' id='word_1_99' title='bbox 1420 1762 1476 1828; x_wconf 84' lang='grc' dir='ltr'><strong>καὶ</strong></span> 
     </span>
     <span class='ocr_line' id='line_1_14' title="bbox 276 1861 1478 1960; baseline -0.004 -20"><span class='ocrx_word' id='word_1_100' title='bbox 276 1865 489 1960; x_wconf 75' lang='grc' dir='ltr'><em>Αἶαντιάδρς</em></span> <span class='ocrx_word' id='word_1_101' title='bbox 520 1869 578 1937; x_wconf 84' lang='grc' dir='ltr'><strong>καὶ</strong></span> <span class='ocrx_word' id='word_1_102' title='bbox 605 1861 803 1958; x_wconf 77' lang='grc' dir='ltr'><em>Σωσιφάνης</em></span> <span class='ocrx_word' id='word_1_103' title='bbox 836 1867 894 1932; x_wconf 84' lang='grc' dir='ltr'><strong>καὶ</strong></span> <span class='ocrx_word' id='word_1_104' title='bbox 919 1865 1113 1946; x_wconf 79' lang='grc' dir='ltr'><em>Φίλισκος.“</em></span> <span class='ocrx_word' id='word_1_105' title='bbox 1162 1873 1279 1935; x_wconf 86' lang='lat' dir='ltr'><strong>Verum</strong></span> <span class='ocrx_word' id='word_1_106' title='bbox 1310 1875 1343 1936; x_wconf 93' lang='lat' dir='ltr'><strong>in</strong></span> <span class='ocrx_word' id='word_1_107' title='bbox 1376 1874 1478 1937; x_wconf 88' lang='lat' dir='ltr'><strong>codice</strong></span> 
     </span>
     <span class='ocr_line' id='line_1_15' title="bbox 277 1967 1479 2067; baseline -0.006 -18"><span class='ocrx_word' id='word_1_108' title='bbox 277 1987 335 2049; x_wconf 86' lang='lat' dir='ltr'><strong>olio</strong></span> <span class='ocrx_word' id='word_1_109' title='bbox 359 1983 493 2047; x_wconf 83' lang='lat' dir='ltr'><strong>additur:</strong></span> <span class='ocrx_word' id='word_1_110' title='bbox 518 1971 612 2059; x_wconf 78' lang='lat' dir='ltr'><strong>„circi</strong></span> <span class='ocrx_word' id='word_1_111' title='bbox 636 1978 693 2041; x_wconf 79' lang='grc' dir='ltr'><strong>τοῦ</strong></span> <span class='ocrx_word' id='word_1_112' title='bbox 717 1967 929 2040; x_wconf 80' lang='grc' dir='ltr'><em>Ἀίανσιάδοο</em></span> <span class='ocrx_word' id='word_1_113' title='bbox 952 1972 1011 2040; x_wconf 86' lang='grc' dir='ltr'><strong>καί</strong></span> <span class='ocrx_word' id='word_1_114' title='bbox 1026 1968 1479 2067; x_wconf 80' lang='grc' dir='ltr'><em>ΣωσιφάνουςΔιοννσιάδην</em></span> 
     </span>
     <span class='ocr_line' id='line_1_16' title="bbox 277 2074 1543 2177; baseline -0.005 -21"><span class='ocrx_word' id='word_1_115' title='bbox 277 2088 335 2156; x_wconf 81' lang='grc' dir='ltr'><strong>καὶ</strong></span> <span class='ocrx_word' id='word_1_116' title='bbox 357 2079 541 2177; x_wconf 78' lang='grc' dir='ltr'><em>Εὗφρόνιον</em></span> <span class='ocrx_word' id='word_1_117' title='bbox 563 2107 602 2170; x_wconf 74' lang='lat' dir='ltr'><strong>up</strong></span> <span class='ocrx_word' id='word_1_118' title='bbox 626 2075 772 2147; x_wconf 87' lang='grc' dir='ltr'><em>Πλειάδι</em></span> <span class='ocrx_word' id='word_1_119' title='bbox 797 2074 1040 2147; x_wconf 80' lang='grc' dir='ltr'><em>σοντάτσοοσιν.</em></span> <span class='ocrx_word' id='word_1_120' title='bbox 1082 2085 1166 2166; x_wconf 83' lang='lat' dir='ltr'><strong>Ergo</strong></span> <span class='ocrx_word' id='word_1_121' title='bbox 1190 2087 1302 2172; x_wconf 89' lang='lat' dir='ltr'><strong>triplici</strong></span> <span class='ocrx_word' id='word_1_122' title='bbox 1325 2091 1412 2151; x_wconf 92' lang='lat' dir='ltr'><strong>modo</strong></span> <span class='ocrx_word' id='word_1_123' title='bbox 1437 2109 1478 2150; x_wconf 84' lang='lat' dir='ltr'><strong>ex</strong></span> <span class='ocrx_word' id='word_1_124' title='bbox 1540 2077 1543 2084; x_wconf 16' lang='grc' dir='ltr'><strong>Α</strong></span> 
     </span>
     <span class='ocr_line' id='line_1_17' title="bbox 278 2193 1478 2277; baseline -0.003 -15"><span class='ocrx_word' id='word_1_125' title='bbox 278 2217 389 2262; x_wconf 86' lang='lat' dir='ltr'><strong>norem</strong></span> <span class='ocrx_word' id='word_1_126' title='bbox 420 2195 591 2257; x_wconf 83' lang='lat' dir='ltr'><strong>nominibus</strong></span> <span class='ocrx_word' id='word_1_127' title='bbox 623 2212 692 2254; x_wconf 91' lang='lat' dir='ltr'><strong>cum</strong></span> <span class='ocrx_word' id='word_1_128' title='bbox 724 2213 760 2255; x_wconf 89' lang='lat' dir='ltr'><strong>ea</strong></span> <span class='ocrx_word' id='word_1_129' title='bbox 782 2196 891 2277; x_wconf 87' lang='lat' dir='ltr'><strong>heptas</strong></span> <span class='ocrx_word' id='word_1_130' title='bbox 914 2193 1090 2256; x_wconf 88' lang='lat' dir='ltr'><strong>conficiatur</strong></span> <span class='ocrx_word' id='word_1_131' title='bbox 1113 2214 1212 2274; x_wconf 90' lang='lat' dir='ltr'><strong>neque</strong></span> <span class='ocrx_word' id='word_1_132' title='bbox 1234 2196 1292 2256; x_wconf 91' lang='lat' dir='ltr'><strong>ulli</strong></span> <span class='ocrx_word' id='word_1_133' title='bbox 1315 2197 1478 2272; x_wconf 58' lang='grc' dir='ltr'><strong>δείδοικε</strong></span> 
     </span>
     <span class='ocr_line' id='line_1_18' title="bbox 278 2301 1478 2389; baseline -0.003 -20"><span class='ocrx_word' id='word_1_134' title='bbox 278 2329 337 2389; x_wconf 91' lang='lat' dir='ltr'><strong>quo</strong></span> <span class='ocrx_word' id='word_1_135' title='bbox 370 2328 392 2367; x_wconf 91' lang='lat' dir='ltr'><strong>s.</strong></span> <span class='ocrx_word' id='word_1_136' title='bbox 430 2304 491 2366; x_wconf 89' lang='lat' dir='ltr'><strong>hh..</strong></span> <span class='ocrx_word' id='word_1_137' title='bbox 523 2321 575 2362; x_wconf 83' lang='lat' dir='ltr'><strong>vr.</strong></span> <span class='ocrx_word' id='word_1_138' title='bbox 608 2301 791 2364; x_wconf 80' lang='lat' dir='ltr'><strong>Alexander</strong></span> <span class='ocrx_word' id='word_1_139' title='bbox 831 2306 863 2364; x_wconf 91' lang='lat' dir='ltr'><strong>et</strong></span> <span class='ocrx_word' id='word_1_140' title='bbox 903 2301 1106 2382; x_wconf 85' lang='lat' dir='ltr'><strong>Dionysiades</strong></span> <span class='ocrx_word' id='word_1_141' title='bbox 1152 2307 1184 2364; x_wconf 90' lang='lat' dir='ltr'><strong>et</strong></span> <span class='ocrx_word' id='word_1_142' title='bbox 1224 2303 1407 2387; x_wconf 86' lang='lat' dir='ltr'><strong>Lycophron</strong></span> <span class='ocrx_word' id='word_1_143' title='bbox 1446 2308 1478 2366; x_wconf 91' lang='lat' dir='ltr'><strong>et</strong></span> 
     </span>
     <span class='ocr_line' id='line_1_19' title="bbox 276 2405 1476 2493; baseline -0.005 -17"><span class='ocrx_word' id='word_1_144' title='bbox 276 2414 430 2476; x_wconf 85' lang='lat' dir='ltr'><strong>Homerus</strong></span> <span class='ocrx_word' id='word_1_145' title='bbox 470 2411 502 2469; x_wconf 89' lang='lat' dir='ltr'><strong>et</strong></span> <span class='ocrx_word' id='word_1_146' title='bbox 539 2405 698 2470; x_wconf 80' lang='lat' dir='ltr'><strong>Sositheus</strong></span> <span class='ocrx_word' id='word_1_147' title='bbox 736 2412 768 2471; x_wconf 90' lang='lat' dir='ltr'><strong>et</strong></span> <span class='ocrx_word' id='word_1_148' title='bbox 807 2409 990 2491; x_wconf 81' lang='lat' dir='ltr'><strong>Sosiphanes</strong></span> <span class='ocrx_word' id='word_1_149' title='bbox 1029 2412 1061 2470; x_wconf 93' lang='lat' dir='ltr'><strong>et</strong></span> <span class='ocrx_word' id='word_1_150' title='bbox 1098 2409 1250 2472; x_wconf 85' lang='lat' dir='ltr'><strong>Philiscus</strong></span> <span class='ocrx_word' id='word_1_151' title='bbox 1287 2411 1320 2472; x_wconf 93' lang='lat' dir='ltr'><strong>in</strong></span> <span class='ocrx_word' id='word_1_152' title='bbox 1356 2411 1476 2493; x_wconf 88' lang='lat' dir='ltr'><strong>pleiade</strong></span> 
     </span>
     <span class='ocr_line' id='line_1_20' title="bbox 276 2513 1476 2605; baseline -0.005 -24"><span class='ocrx_word' id='word_1_153' title='bbox 276 2519 367 2605; x_wconf 90' lang='lat' dir='ltr'><strong>positi</strong></span> <span class='ocrx_word' id='word_1_154' title='bbox 400 2513 484 2600; x_wconf 79' lang='lat' dir='ltr'><strong>sunt,</strong></span> <span class='ocrx_word' id='word_1_155' title='bbox 516 2513 592 2576; x_wconf 90' lang='lat' dir='ltr'><strong>ratic</strong></span> <span class='ocrx_word' id='word_1_156' title='bbox 625 2515 807 2592; x_wconf 80' lang='lat' dir='ltr'><strong>consentiat,</strong></span> <span class='ocrx_word' id='word_1_157' title='bbox 840 2517 905 2576; x_wconf 89' lang='lat' dir='ltr'><strong>eius</strong></span> <span class='ocrx_word' id='word_1_158' title='bbox 936 2516 1062 2576; x_wconf 85' lang='lat' dir='ltr'><strong>formam</strong></span> <span class='ocrx_word' id='word_1_159' title='bbox 1093 2516 1227 2577; x_wconf 87' lang='lat' dir='ltr'><strong>maxime</strong></span> <span class='ocrx_word' id='word_1_160' title='bbox 1254 2516 1476 2578; x_wconf 85' lang='lat' dir='ltr'><strong>inconstantem</strong></span> 
     </span>
     <span class='ocr_line' id='line_1_21' title="bbox 276 2618 1474 2703; baseline -0.008 -15"><span class='ocrx_word' id='word_1_161' title='bbox 276 2627 370 2689; x_wconf 81' lang='lat' dir='ltr'><strong>fuisse</strong></span> <span class='ocrx_word' id='word_1_162' title='bbox 388 2621 461 2703; x_wconf 82' lang='lat' dir='ltr'><strong>quis</strong></span> <span class='ocrx_word' id='word_1_163' title='bbox 485 2630 532 2682; x_wconf 88' lang='lat' dir='ltr'><strong>est</strong></span> <span class='ocrx_word' id='word_1_164' title='bbox 554 2620 628 2700; x_wconf 92' lang='lat' dir='ltr'><strong>quin</strong></span> <span class='ocrx_word' id='word_1_165' title='bbox 651 2619 800 2680; x_wconf 83' lang='lat' dir='ltr'><strong>miretur?</strong></span> <span class='ocrx_word' id='word_1_166' title='bbox 847 2618 951 2690; x_wconf 82' lang='lat' dir='ltr'><strong>Quid?</strong></span> <span class='ocrx_word' id='word_1_167' title='bbox 996 2619 1076 2681; x_wconf 86' lang='lat' dir='ltr'><strong>Rato</strong></span> <span class='ocrx_word' id='word_1_168' title='bbox 1100 2620 1342 2683; x_wconf 86' lang='lat' dir='ltr'><strong>existimaturum</strong></span> <span class='ocrx_word' id='word_1_169' title='bbox 1364 2620 1474 2682; x_wconf 89' lang='lat' dir='ltr'><strong>iudicio</strong></span> 
     </span>
     <span class='ocr_line' id='line_1_22' title="bbox 278 2718 1475 2801; baseline -0.011 -7"><span class='ocrx_word' id='word_1_170' title='bbox 278 2733 302 2796; x_wconf 89' lang='lat' dir='ltr'><strong>si</strong></span> <span class='ocrx_word' id='word_1_171' title='bbox 334 2731 389 2791; x_wconf 90' lang='lat' dir='ltr'><strong>illa</strong></span> <span class='ocrx_word' id='word_1_172' title='bbox 421 2718 541 2800; x_wconf 81' lang='grc' dir='ltr'><em>πλειὰς</em></span> <span class='ocrx_word' id='word_1_173' title='bbox 573 2725 696 2786; x_wconf 87' lang='lat' dir='ltr'><strong>definita</strong></span> <span class='ocrx_word' id='word_1_174' title='bbox 719 2729 809 2801; x_wconf 90' lang='lat' dir='ltr'><strong>esset,</strong></span> <span class='ocrx_word' id='word_1_175' title='bbox 832 2746 905 2786; x_wconf 92' lang='lat' dir='ltr'><strong>num</strong></span> <span class='ocrx_word' id='word_1_176' title='bbox 929 2726 1073 2787; x_wconf 86' lang='lat' dir='ltr'><strong>credibile</strong></span> <span class='ocrx_word' id='word_1_177' title='bbox 1097 2729 1144 2787; x_wconf 89' lang='lat' dir='ltr'><strong>est</strong></span> <span class='ocrx_word' id='word_1_178' title='bbox 1166 2727 1301 2786; x_wconf 86' lang='lat' dir='ltr'><strong>futurum</strong></span> <span class='ocrx_word' id='word_1_179' title='bbox 1324 2725 1417 2784; x_wconf 88' lang='lat' dir='ltr'><strong>fuisse</strong></span> <span class='ocrx_word' id='word_1_180' title='bbox 1440 2726 1475 2782; x_wconf 92' lang='lat' dir='ltr'><strong>ut</strong></span> 
     </span>
     <span class='ocr_line' id='line_1_23' title="bbox 279 2826 1472 2915; baseline -0.011 -14"><span class='ocrx_word' id='word_1_181' title='bbox 279 2843 359 2902; x_wconf 91' lang='lat' dir='ltr'><strong>hunc</strong></span> <span class='ocrx_word' id='word_1_182' title='bbox 390 2835 422 2896; x_wconf 90' lang='lat' dir='ltr'><strong>in</strong></span> <span class='ocrx_word' id='word_1_183' title='bbox 453 2834 576 2896; x_wconf 89' lang='lat' dir='ltr'><strong>modurn</strong></span> <span class='ocrx_word' id='word_1_184' title='bbox 598 2831 790 2894; x_wconf 78' lang='lat' dir='ltr'><strong>variaretur?</strong></span> <span class='ocrx_word' id='word_1_185' title='bbox 804 2833 844 2911; x_wconf 73' lang='lat'><strong>23)</strong></span> <span class='ocrx_word' id='word_1_186' title='bbox 891 2831 1003 2895; x_wconf 81' lang='lat' dir='ltr'><strong>Contra</strong></span> <span class='ocrx_word' id='word_1_187' title='bbox 1025 2831 1139 2915; x_wconf 91' lang='lat' dir='ltr'><strong>optime</strong></span> <span class='ocrx_word' id='word_1_188' title='bbox 1162 2831 1380 2910; x_wconf 87' lang='lat' dir='ltr'><strong>Bernhardyus</strong></span> <span class='ocrx_word' id='word_1_189' title='bbox 1403 2826 1472 2888; x_wconf 87' lang='lat' dir='ltr'><strong>hist.</strong></span> 
     </span>
    </p>
   </div>
   <div class='ocr_carea' id='block_1_6' title="bbox 219 3019 1479 4387">
    <p class='ocr_par' dir='ltr' id='par_1_6' title="bbox 219 3019 1474 3387">
     <span class='ocr_line' id='line_1_24' title="bbox 219 3019 1474 3102; baseline -0.011 -14"><span class='ocrx_word' id='word_1_190' title='bbox 219 3033 223 3040; x_wconf 89' lang='lat'>&#39;</span> <span class='ocrx_word' id='word_1_191' title='bbox 277 3050 338 3088; x_wconf 89' lang='lat' dir='ltr'><strong>reae</strong></span> <span class='ocrx_word' id='word_1_192' title='bbox 367 3030 486 3102; x_wconf 80' lang='lat' dir='ltr'><strong>(Anthol.</strong></span> <span class='ocrx_word' id='word_1_193' title='bbox 515 3029 573 3084; x_wconf 89' lang='lat' dir='ltr'><strong>Pal.</strong></span> <span class='ocrx_word' id='word_1_194' title='bbox 601 3027 663 3093; x_wconf 85' lang='lat' dir='ltr'><strong>VII,</strong></span> <span class='ocrx_word' id='word_1_195' title='bbox 691 3029 735 3096; x_wconf 83' lang='lat'><strong>17)</strong></span> <span class='ocrx_word' id='word_1_196' title='bbox 762 3031 792 3081; x_wconf 89' lang='lat' dir='ltr'><strong>et</strong></span> <span class='ocrx_word' id='word_1_197' title='bbox 815 3026 888 3081; x_wconf 86' lang='lat' dir='ltr'><strong>idem</strong></span> <span class='ocrx_word' id='word_1_198' title='bbox 912 3028 984 3081; x_wconf 89' lang='lat' dir='ltr'><strong>color</strong></span> <span class='ocrx_word' id='word_1_199' title='bbox 1001 3026 1031 3080; x_wconf 91' lang='lat' dir='ltr'><strong>in</strong></span> <span class='ocrx_word' id='word_1_200' title='bbox 1049 3025 1243 3096; x_wconf 81' lang='lat' dir='ltr'><strong>epigrammate</strong></span> <span class='ocrx_word' id='word_1_201' title='bbox 1261 3024 1290 3077; x_wconf 89' lang='lat' dir='ltr'><strong>in</strong></span> <span class='ocrx_word' id='word_1_202' title='bbox 1309 3019 1474 3076; x_wconf 88' lang='lat' dir='ltr'><strong>Herodotum</strong></span> 
     </span>
     <span class='ocr_line' id='line_1_25' title="bbox 278 3115 1384 3192; baseline -0.012 -16"><span class='ocrx_word' id='word_1_203' title='bbox 278 3122 377 3192; x_wconf 88' lang='lat' dir='ltr'><strong>scripto</strong></span> <span class='ocrx_word' id='word_1_204' title='bbox 396 3120 515 3192; x_wconf 82' lang='lat' dir='ltr'><strong>(Anthol.</strong></span> <span class='ocrx_word' id='word_1_205' title='bbox 535 3117 660 3184; x_wconf 77' lang='lat' dir='ltr'><strong>Pallii,</strong></span> <span class='ocrx_word' id='word_1_206' title='bbox 681 3117 741 3185; x_wconf 88' lang='grc'>160)</span> <span class='ocrx_word' id='word_1_207' title='bbox 761 3117 892 3171; x_wconf 86' lang='lat' dir='ltr'><strong>cernitur:</strong></span> <span class='ocrx_word' id='word_1_208' title='bbox 1382 3115 1384 3120; x_wconf 83' lang='grc'>’</span> 
     </span>
     <span class='ocr_line' id='line_1_26' title="bbox 491 3220 1236 3297; baseline -0.007 -18"><span class='ocrx_word' id='word_1_209' title='bbox 491 3224 647 3297; x_wconf 85' lang='grc' dir='ltr'><em>,,Ἡρόδοτος</em></span> <span class='ocrx_word' id='word_1_210' title='bbox 666 3221 776 3282; x_wconf 83' lang='grc' dir='ltr'><em>Μούσας</em></span> <span class='ocrx_word' id='word_1_211' title='bbox 793 3223 950 3290; x_wconf 73' lang='grc' dir='ltr'><em>ὑπεδέξατο·</em></span> <span class='ocrx_word' id='word_1_212' title='bbox 969 3228 1010 3296; x_wconf 76' lang='grc' dir='ltr'><strong>τῷ</strong></span> <span class='ocrx_word' id='word_1_213' title='bbox 1029 3221 1048 3274; x_wconf 87' lang='grc' dir='ltr'><em>δ</em></span> <span class='ocrx_word' id='word_1_214' title='bbox 1052 3221 1060 3240; x_wconf 84' lang='grc'><em>’</em></span> <span class='ocrx_word' id='word_1_215' title='bbox 1077 3220 1121 3294; x_wconf 75' lang='grc' dir='ltr'><strong>ἄρ’</strong></span> <span class='ocrx_word' id='word_1_216' title='bbox 1139 3221 1236 3286; x_wconf 77' lang='grc' dir='ltr'><em>ἑκάστη</em></span> 
     </span>
     <span class='ocr_line' id='line_1_27' title="bbox 544 3312 1100 3387; baseline -0.007 -19"><span class='ocrx_word' id='word_1_217' title='bbox 544 3315 607 3368; x_wconf 76' lang='grc' dir='ltr'><em>δνσὶ</em></span> <span class='ocrx_word' id='word_1_218' title='bbox 625 3315 777 3387; x_wconf 82' lang='grc' dir='ltr'><em>φιλοξενίης</em></span> <span class='ocrx_word' id='word_1_219' title='bbox 795 3314 885 3384; x_wconf 77' lang='grc' dir='ltr'><em>βίβλον</em></span> <span class='ocrx_word' id='word_1_220' title='bbox 903 3312 987 3366; x_wconf 65' lang='grc' dir='ltr'><em>ἔδωκε</em></span> <span class='ocrx_word' id='word_1_221' title='bbox 1005 3316 1100 3384; x_wconf 53' lang='lat' dir='ltr'><strong>praru</strong></span> 
     </span>
    </p>

    <p class='ocr_par' dir='ltr' id='par_1_7' title="bbox 279 3413 1479 4214">
     <span class='ocr_line' id='line_1_28' title="bbox 281 3413 1476 3492; baseline -0.01 -12"><span class='ocrx_word' id='word_1_222' title='bbox 281 3427 355 3481; x_wconf 90' lang='lat' dir='ltr'><strong>Haec</strong></span> <span class='ocrx_word' id='word_1_223' title='bbox 373 3427 513 3480; x_wconf 85' lang='lat' dir='ltr'><strong>Musarum</strong></span> <span class='ocrx_word' id='word_1_224' title='bbox 540 3423 694 3492; x_wconf 79' lang='lat' dir='ltr'><strong>appellatio,</strong></span> <span class='ocrx_word' id='word_1_225' title='bbox 724 3439 804 3492; x_wconf 86' lang='lat' dir='ltr'><strong>quarn</strong></span> <span class='ocrx_word' id='word_1_226' title='bbox 823 3423 900 3476; x_wconf 91' lang='lat' dir='ltr'><strong>libris</strong></span> <span class='ocrx_word' id='word_1_227' title='bbox 918 3421 1079 3476; x_wconf 88' lang='lat' dir='ltr'><strong>Herodoteis</strong></span> <span class='ocrx_word' id='word_1_228' title='bbox 1098 3421 1199 3489; x_wconf 88' lang='lat' dir='ltr'><strong>primus</strong></span> <span class='ocrx_word' id='word_1_229' title='bbox 1218 3419 1378 3488; x_wconf 86' lang='lat' dir='ltr'><strong>scriptorum</strong></span> <span class='ocrx_word' id='word_1_230' title='bbox 1395 3413 1476 3484; x_wconf 84' lang='lat' dir='ltr'><strong>pedo-</strong></span> 
     </span>
     <span class='ocr_line' id='line_1_29' title="bbox 281 3503 1475 3584; baseline -0.009 -15"><span class='ocrx_word' id='word_1_231' title='bbox 281 3518 384 3581; x_wconf 86' lang='lat' dir='ltr'><strong>strium,</strong></span> <span class='ocrx_word' id='word_1_232' title='bbox 414 3515 485 3584; x_wconf 91' lang='lat' dir='ltr'><strong>quod</strong></span> <span class='ocrx_word' id='word_1_233' title='bbox 513 3513 604 3578; x_wconf 86' lang='lat' dir='ltr'><strong>sciam,</strong></span> <span class='ocrx_word' id='word_1_234' title='bbox 634 3511 770 3566; x_wconf 82' lang='lat' dir='ltr'><strong>Lucienus</strong></span> <span class='ocrx_word' id='word_1_235' title='bbox 797 3513 908 3581; x_wconf 86' lang='lat' dir='ltr'><strong>(Herod.</strong></span> <span class='ocrx_word' id='word_1_236' title='bbox 926 3512 1018 3582; x_wconf 80' lang='lat' dir='ltr'><strong>capl</strong></span> <span class='ocrx_word' id='word_1_237' title='bbox 1045 3528 1070 3580; x_wconf 90' lang='lat' dir='ltr'><strong>p.</strong></span> <span class='ocrx_word' id='word_1_238' title='bbox 1089 3511 1142 3564; x_wconf 88' lang='grc'><strong>833</strong></span> <span class='ocrx_word' id='word_1_239' title='bbox 1160 3511 1193 3568; x_wconf 83' lang='lat' dir='ltr'><strong>R.</strong></span> <span class='ocrx_word' id='word_1_240' title='bbox 1212 3513 1241 3564; x_wconf 87' lang='lat' dir='ltr'><strong>ot</strong></span> <span class='ocrx_word' id='word_1_241' title='bbox 1259 3503 1394 3572; x_wconf 80' lang='lat' dir='ltr'><strong>Quomodo</strong></span> <span class='ocrx_word' id='word_1_242' title='bbox 1411 3503 1475 3558; x_wconf 86' lang='lat' dir='ltr'><strong>hist.</strong></span> 
     </span>
     <span class='ocr_line' id='line_1_30' title="bbox 280 3591 1477 3671; baseline -0.014 -12"><span class='ocrx_word' id='word_1_243' title='bbox 280 3621 381 3660; x_wconf 88' lang='lat' dir='ltr'><strong>consor.</strong></span> <span class='ocrx_word' id='word_1_244' title='bbox 392 3606 414 3670; x_wconf 64' lang='grc' dir='ltr'><strong>ἓ,</strong></span> <span class='ocrx_word' id='word_1_245' title='bbox 425 3604 461 3656; x_wconf 89' lang='grc'><strong>42</strong></span> <span class='ocrx_word' id='word_1_246' title='bbox 479 3619 504 3671; x_wconf 88' lang='lat' dir='ltr'><strong>p.</strong></span> <span class='ocrx_word' id='word_1_247' title='bbox 524 3603 557 3653; x_wconf 85' lang='lat'><strong>55</strong></span> <span class='ocrx_word' id='word_1_248' title='bbox 572 3603 615 3670; x_wconf 83' lang='lat' dir='ltr'><strong>R.)</strong></span> <span class='ocrx_word' id='word_1_249' title='bbox 634 3601 770 3670; x_wconf 88' lang='lat' dir='ltr'><strong>imposuit,</strong></span> <span class='ocrx_word' id='word_1_250' title='bbox 790 3602 861 3656; x_wconf 88' lang='lat' dir='ltr'><strong>inter</strong></span> <span class='ocrx_word' id='word_1_251' title='bbox 878 3603 1066 3671; x_wconf 90' lang='lat' dir='ltr'><strong>inscriptiones</strong></span> <span class='ocrx_word' id='word_1_252' title='bbox 1084 3597 1213 3653; x_wconf 89' lang='lat' dir='ltr'><strong>librorum</strong></span> <span class='ocrx_word' id='word_1_253' title='bbox 1233 3599 1291 3649; x_wconf 87' lang='lat' dir='ltr'><strong>erat</strong></span> <span class='ocrx_word' id='word_1_254' title='bbox 1309 3591 1477 3655; x_wconf 85' lang='lat' dir='ltr'><strong>creberrima,</strong></span> 
     </span>
     <span class='ocr_line' id='line_1_31' title="bbox 279 3679 1479 3764; baseline -0.014 -14"><span class='ocrx_word' id='word_1_255' title='bbox 279 3697 308 3750; x_wconf 91' lang='lat' dir='ltr'><strong>id</strong></span> <span class='ocrx_word' id='word_1_256' title='bbox 335 3693 407 3764; x_wconf 86' lang='lat' dir='ltr'><strong>quod</strong></span> <span class='ocrx_word' id='word_1_257' title='bbox 434 3691 540 3745; x_wconf 91' lang='lat' dir='ltr'><strong>Plinius</strong></span> <span class='ocrx_word' id='word_1_258' title='bbox 567 3690 631 3744; x_wconf 90' lang='lat' dir='ltr'><strong>hist.</strong></span> <span class='ocrx_word' id='word_1_259' title='bbox 658 3693 714 3744; x_wconf 91' lang='lat' dir='ltr'><strong>nat.</strong></span> <span class='ocrx_word' id='word_1_260' title='bbox 742 3691 825 3759; x_wconf 84' lang='lat' dir='ltr'><strong>praef.</strong></span> <span class='ocrx_word' id='word_1_261' title='bbox 851 3693 874 3758; x_wconf 64' lang='grc' dir='ltr'><strong>β,</strong></span> <span class='ocrx_word' id='word_1_262' title='bbox 895 3693 929 3744; x_wconf 85' lang='grc'><strong>24</strong></span> <span class='ocrx_word' id='word_1_263' title='bbox 947 3695 975 3743; x_wconf 88' lang='lat' dir='ltr'><strong>et</strong></span> <span class='ocrx_word' id='word_1_264' title='bbox 994 3689 1099 3744; x_wconf 84' lang='lat' dir='ltr'><strong>Gellius</strong></span> <span class='ocrx_word' id='word_1_265' title='bbox 1117 3685 1200 3756; x_wconf 83' lang='lat' dir='ltr'><strong>praei.</strong></span> <span class='ocrx_word' id='word_1_266' title='bbox 1220 3685 1236 3736; x_wconf 91' lang='lat'>6</span> <span class='ocrx_word' id='word_1_267' title='bbox 1254 3684 1398 3736; x_wconf 87' lang='lat' dir='ltr'><strong>testantur.</strong></span> <span class='ocrx_word' id='word_1_268' title='bbox 1435 3679 1479 3734; x_wconf 87' lang='lat' dir='ltr'><strong>Sic</strong></span> 
     </span>
     <span class='ocr_line' id='line_1_32' title="bbox 279 3767 1477 3852; baseline -0.013 -12"><span class='ocrx_word' id='word_1_269' title='bbox 279 3783 423 3852; x_wconf 82' lang='lat' dir='ltr'><strong>„Aurelius</strong></span> <span class='ocrx_word' id='word_1_270' title='bbox 442 3779 616 3850; x_wconf 65' lang='lat' dir='ltr'><strong>Opilius...</strong></span> <span class='ocrx_word' id='word_1_271' title='bbox 637 3779 720 3832; x_wconf 88' lang='lat' dir='ltr'><strong>libros</strong></span> <span class='ocrx_word' id='word_1_272' title='bbox 730 3779 869 3840; x_wconf 83' lang='lat' dir='ltr'><strong>Musarum</strong></span> <span class='ocrx_word' id='word_1_273' title='bbox 888 3779 1043 3847; x_wconf 88' lang='lat' dir='ltr'><strong>inscripsit“</strong></span> <span class='ocrx_word' id='word_1_274' title='bbox 1063 3774 1189 3844; x_wconf 88' lang='lat' dir='ltr'><strong>(cf.Gell.</strong></span> <span class='ocrx_word' id='word_1_275' title='bbox 1210 3771 1232 3836; x_wconf 91' lang='lat' dir='ltr'><strong>l,</strong></span> <span class='ocrx_word' id='word_1_276' title='bbox 1253 3771 1294 3836; x_wconf 83' lang='lat'><strong>25,</strong></span> <span class='ocrx_word' id='word_1_277' title='bbox 1316 3770 1348 3824; x_wconf 83' lang='lat'><strong>17</strong></span> <span class='ocrx_word' id='word_1_278' title='bbox 1368 3773 1396 3823; x_wconf 87' lang='lat' dir='ltr'><strong>et</strong></span> <span class='ocrx_word' id='word_1_279' title='bbox 1405 3767 1477 3825; x_wconf 85' lang='lat' dir='ltr'><strong>Suet.</strong></span> 
     </span>
     <span class='ocr_line' id='line_1_33' title="bbox 280 3857 1478 3939; baseline -0.018 -11"><span class='ocrx_word' id='word_1_280' title='bbox 280 3877 314 3930; x_wconf 83' lang='lat' dir='ltr'><strong>de</strong></span> <span class='ocrx_word' id='word_1_281' title='bbox 333 3874 432 3929; x_wconf 87' lang='lat' dir='ltr'><strong>illustr.</strong></span> <span class='ocrx_word' id='word_1_282' title='bbox 453 3886 567 3939; x_wconf 84' lang='lat' dir='ltr'><strong>gramm.</strong></span> <span class='ocrx_word' id='word_1_283' title='bbox 586 3869 609 3936; x_wconf 66' lang='grc' dir='ltr'><strong>ξ.</strong></span> <span class='ocrx_word' id='word_1_284' title='bbox 629 3869 666 3935; x_wconf 80' lang='grc'><strong>6),</strong></span> <span class='ocrx_word' id='word_1_285' title='bbox 701 3867 806 3920; x_wconf 87' lang='lat' dir='ltr'><strong>Deinde</strong></span> <span class='ocrx_word' id='word_1_286' title='bbox 832 3865 998 3936; x_wconf 82' lang='grc' dir='ltr'><em>,,Κεφαλι’ων</em></span> <span class='ocrx_word' id='word_1_287' title='bbox 1022 3865 1129 3933; x_wconf 74' lang='grc' dir='ltr'><em>ἔγραψε</em></span> <span class='ocrx_word' id='word_1_288' title='bbox 1157 3857 1333 3917; x_wconf 78' lang='grc' dir='ltr'><em>παντοδαπάς</em></span> <span class='ocrx_word' id='word_1_289' title='bbox 1358 3861 1478 3928; x_wconf 79' lang='grc' dir='ltr'><em>ἱστορίας</em></span> 
     </span>
     <span class='ocr_line' id='line_1_34' title="bbox 279 3946 1476 4034; baseline -0.012 -21"><span class='ocrx_word' id='word_1_290' title='bbox 279 3965 310 4017; x_wconf 78' lang='grc' dir='ltr'><strong>ἐν</strong></span> <span class='ocrx_word' id='word_1_291' title='bbox 337 3962 442 4034; x_wconf 74' lang='grc' dir='ltr'><em>βιβλίοις</em></span> <span class='ocrx_word' id='word_1_292' title='bbox 468 3957 503 4020; x_wconf 72' lang='grc' dir='ltr'><strong>δ’,</strong></span> <span class='ocrx_word' id='word_1_293' title='bbox 531 3957 620 4030; x_wconf 86' lang='grc' dir='ltr'><em>δι’τινα</em></span> <span class='ocrx_word' id='word_1_294' title='bbox 639 3954 789 4026; x_wconf 78' lang='grc' dir='ltr'><em>ἐπιγράφει</em></span> <span class='ocrx_word' id='word_1_295' title='bbox 818 3953 942 4012; x_wconf 69' lang='grc' dir='ltr'><strong>Μούσαςα</strong></span> <span class='ocrx_word' id='word_1_296' title='bbox 970 3952 1013 4022; x_wconf 79' lang='lat' dir='ltr'><strong>(cf.</strong></span> <span class='ocrx_word' id='word_1_297' title='bbox 1037 3951 1112 4006; x_wconf 86' lang='lat' dir='ltr'><strong>Suid.</strong></span> <span class='ocrx_word' id='word_1_298' title='bbox 1139 3968 1159 4006; x_wconf 87' lang='lat' dir='ltr'><strong>s.</strong></span> <span class='ocrx_word' id='word_1_299' title='bbox 1178 3950 1206 4005; x_wconf 91' lang='lat' dir='ltr'><strong>h.</strong></span> <span class='ocrx_word' id='word_1_300' title='bbox 1225 3966 1250 4004; x_wconf 82' lang='lat' dir='ltr'><strong>V.</strong></span> <span class='ocrx_word' id='word_1_301' title='bbox 1276 3951 1304 4001; x_wconf 85' lang='lat' dir='ltr'><strong>et</strong></span> <span class='ocrx_word' id='word_1_302' title='bbox 1322 3947 1400 4001; x_wconf 89' lang='lat' dir='ltr'><strong>Phot.</strong></span> <span class='ocrx_word' id='word_1_303' title='bbox 1420 3946 1476 3999; x_wconf 84' lang='lat' dir='ltr'><strong>cod.</strong></span> 
     </span>
     <span class='ocr_line' id='line_1_35' title="bbox 280 4033 1479 4120; baseline -0.019 -11"><span class='ocrx_word' id='word_1_304' title='bbox 280 4053 399 4108; x_wconf 83' lang='lat' dir='ltr'><strong>LXVIII</strong></span> <span class='ocrx_word' id='word_1_305' title='bbox 417 4068 442 4120; x_wconf 90' lang='lat' dir='ltr'><strong>p.</strong></span> <span class='ocrx_word' id='word_1_306' title='bbox 463 4049 497 4103; x_wconf 83' lang='lat'><strong>34</strong></span> <span class='ocrx_word' id='word_1_307' title='bbox 514 4047 610 4116; x_wconf 74' lang='lat' dir='ltr'><strong>Bell.)</strong></span> <span class='ocrx_word' id='word_1_308' title='bbox 630 4048 710 4114; x_wconf 82' lang='lat' dir='ltr'><strong>atque</strong></span> <span class='ocrx_word' id='word_1_309' title='bbox 739 4047 857 4109; x_wconf 68' lang='lat' dir='ltr'><strong>„Btorvoc</strong></span> <span class='ocrx_word' id='word_1_310' title='bbox 886 4042 1000 4112; x_wconf 74' lang='grc' dir='ltr'><em>φέρεται</em></span> <span class='ocrx_word' id='word_1_311' title='bbox 1028 4038 1108 4092; x_wconf 79' lang='grc' dir='ltr'><em>ἐννέα</em></span> <span class='ocrx_word' id='word_1_312' title='bbox 1126 4037 1210 4108; x_wconf 82' lang='grc' dir='ltr'><em>βιβλία</em></span> <span class='ocrx_word' id='word_1_313' title='bbox 1230 4041 1348 4088; x_wconf 82' lang='grc' dir='ltr'><em>Μουσιδν</em></span> <span class='ocrx_word' id='word_1_314' title='bbox 1366 4033 1479 4106; x_wconf 77' lang='grc' dir='ltr'><em>ἐπιγρα-</em></span> 
     </span>
     <span class='ocr_line' id='line_1_36' title="bbox 280 4131 823 4214; baseline -0.018 -19"><span class='ocrx_word' id='word_1_315' title='bbox 280 4142 410 4214; x_wconf 47' lang='grc' dir='ltr'><em>φόμενοι(</em></span> <span class='ocrx_word' id='word_1_316' title='bbox 430 4139 473 4209; x_wconf 83' lang='lat' dir='ltr'><strong>(cf.</strong></span> <span class='ocrx_word' id='word_1_317' title='bbox 493 4137 582 4192; x_wconf 71' lang='lat' dir='ltr'><strong>Ladrt.</strong></span> <span class='ocrx_word' id='word_1_318' title='bbox 602 4135 681 4203; x_wconf 86' lang='lat' dir='ltr'><strong>Diog.</strong></span> <span class='ocrx_word' id='word_1_319' title='bbox 701 4133 749 4199; x_wconf 89' lang='lat' dir='ltr'><strong>IV,</strong></span> <span class='ocrx_word' id='word_1_320' title='bbox 769 4131 823 4200; x_wconf 86' lang='lat'><strong>58).</strong></span> 
     </span>
    </p>

    <p class='ocr_par' dir='ltr' id='par_1_8' title="bbox 280 4215 1473 4387">
     <span class='ocr_line' id='line_1_37' title="bbox 352 4215 1473 4299; baseline -0.015 -16"><span class='ocrx_word' id='word_1_321' title='bbox 352 4231 386 4299; x_wconf 63' lang='grc' dir='ltr'><strong>π)</strong></span> <span class='ocrx_word' id='word_1_322' title='bbox 405 4231 514 4283; x_wconf 86' lang='lat' dir='ltr'><strong>Isaacus</strong></span> <span class='ocrx_word' id='word_1_323' title='bbox 532 4227 631 4280; x_wconf 84' lang='lat' dir='ltr'><strong>Tretza</strong></span> <span class='ocrx_word' id='word_1_324' title='bbox 659 4225 706 4278; x_wconf 90' lang='lat' dir='ltr'><strong>l.l.</strong></span> <span class='ocrx_word' id='word_1_325' title='bbox 726 4240 750 4290; x_wconf 95' lang='lat' dir='ltr'><strong>p.</strong></span> <span class='ocrx_word' id='word_1_326' title='bbox 771 4222 823 4274; x_wconf 87' lang='grc'><strong>263</strong></span> <span class='ocrx_word' id='word_1_327' title='bbox 842 4221 908 4273; x_wconf 90' lang='lat' dir='ltr'><strong>adeo</strong></span> <span class='ocrx_word' id='word_1_328' title='bbox 927 4219 1051 4274; x_wconf 80' lang='lat' dir='ltr'><strong>discessit</strong></span> <span class='ocrx_word' id='word_1_329' title='bbox 1069 4235 1085 4271; x_wconf 93' lang='lat' dir='ltr'><strong>a</strong></span> <span class='ocrx_word' id='word_1_330' title='bbox 1104 4235 1174 4284; x_wconf 89' lang='lat' dir='ltr'><strong>vero,</strong></span> <span class='ocrx_word' id='word_1_331' title='bbox 1194 4221 1225 4271; x_wconf 92' lang='lat' dir='ltr'><strong>ut</strong></span> <span class='ocrx_word' id='word_1_332' title='bbox 1243 4215 1407 4270; x_wconf 84' lang='lat' dir='ltr'><strong>diversorum</strong></span> <span class='ocrx_word' id='word_1_333' title='bbox 1426 4231 1473 4282; x_wconf 84' lang='lat' dir='ltr'><strong>gc-</strong></span> 
     </span>
     <span class='ocr_line' id='line_1_38' title="bbox 280 4303 1472 4387; baseline -0.015 -12"><span class='ocrx_word' id='word_1_334' title='bbox 280 4317 374 4374; x_wconf 83' lang='lat' dir='ltr'><strong>nerum</strong></span> <span class='ocrx_word' id='word_1_335' title='bbox 398 4319 483 4387; x_wconf 76' lang='lat' dir='ltr'><strong>potitis</strong></span> <span class='ocrx_word' id='word_1_336' title='bbox 501 4317 651 4370; x_wconf 82' lang='lat' dir='ltr'><strong>commixtis</strong></span> <span class='ocrx_word' id='word_1_337' title='bbox 669 4311 840 4367; x_wconf 80' lang='lat' dir='ltr'><strong>Theocritum</strong></span> <span class='ocrx_word' id='word_1_338' title='bbox 859 4315 887 4363; x_wconf 88' lang='lat' dir='ltr'><strong>et</strong></span> <span class='ocrx_word' id='word_1_339' title='bbox 904 4309 1018 4364; x_wconf 79' lang='lat' dir='ltr'><strong>Aratum</strong></span> <span class='ocrx_word' id='word_1_340' title='bbox 1038 4313 1065 4362; x_wconf 82' lang='lat' dir='ltr'><strong>et</strong></span> <span class='ocrx_word' id='word_1_341' title='bbox 1083 4309 1249 4361; x_wconf 88' lang='lat' dir='ltr'><strong>Nicandrum</strong></span> <span class='ocrx_word' id='word_1_342' title='bbox 1269 4311 1296 4360; x_wconf 88' lang='lat' dir='ltr'><strong>et</strong></span> <span class='ocrx_word' id='word_1_343' title='bbox 1312 4303 1472 4359; x_wconf 84' lang='lat' dir='ltr'><strong>Aeantidem</strong></span> 
     </span>
    </p>
   </div>
   <div class='ocr_carea' id='block_1_7' title="bbox 0 0 1701 4986">
    <p class='ocr_par' dir='ltr' id='par_1_9' title="bbox 0 0 1701 4986">
     <span class='ocr_line' id='line_1_39' title="bbox 0 0 1701 4986; baseline 0 0"><span class='ocrx_word' id='word_1_344' title='bbox 0 0 1701 4986; x_wconf 95' lang='lat' dir='ltr'><strong> </strong></span> 
     </span>
    </p>
   </div>
  </div>
 </body>
</html>
