3386 4986
688 320 907 376 ..23-

289 514 333 575 At
363 513 445 574 inter
469 531 534 573 eam
558 511 738 594 scriptorum
761 513 1015 576 existimationem
1040 519 1072 577 et
1095 516 1217 579 canonis
1240 515 1397 578 statuendi

200 643 310 683 munus
340 621 469 682 interest
491 620 678 700 pernimium.
725 619 792 680 Hoc
814 640 887 682 vero
910 641 1029 698 munus,
1053 623 1133 702 quod
1158 622 1251 684 solius
1274 623 1412 704 scripto-¹

200 729 243 790 ris
259 725 441 798 Quintiliani
459 727 671 788 auctoritatem
689 730 812 787 secutus
830 725 1034 790 Ruhnkenius
1056 729 1113 791 sibi
1136 729 1235 806 finxit,
1258 723 1398 812 κρίσεως

112 857 114 860 ·
202 837 321 916 partem
345 833 439 895 fuisse
463 834 501 893 ab
524 832 600 908 aliis,
624 832 737 910 quide
760 833 1022 912 grammaticorum
1045 835 1150 898 officiis
1174 840 1314 916 egerunt,
1336 839 1396 898 tra·

202 941 300 1003 ditum
332 943 471 1004 nonest.
519 937 580 1000 Sed
604 958 674 1000 casu
697 943 729 1001 et
751 939 875 1002 fortuito
898 940 1052 1017 accidisse,
1075 946 1110 1004 ut
1132 944 1190 1004 hac
1212 943 1251 1004 de
1274 963 1308 1004 re
1330 962 1397 1022 gra-
1494 971 1497 978 Α

120 1101 122 1109 s
203 1046 326 1110 sissima
363 1049 487 1110 veteres
525 1065 648 1128 prorsus
680 1049 826 1122 tacerent,
859 1047 927 1127 quis
960 1052 1008 1110 est
1030 1049 1081 1129 qui
1102 1049 1161 1111 sibi
1184 1047 1397 1132 persuadeat?

204 1155 367 1217 Praeterea
404 1153 614 1234 grammaticos
643 1153 876 1216 ¹Alexandrinos
912 1159 966 1218 aut
1001 1155 1175 1236 legentibus
1205 1157 1399 1240 proposuisse

204 1266 257 1324 aut
288 1262 504 1324 describendos
536 1261 667 1324 librariis
699 1262 924 1324 commendasse
957 1263 1122 1345 scriptores
1157 1264 1302 1343 quosdam
1325 1268 1399 1326 tam·

205 1387 294 1448 quam
317 1368 442 1430 classica
458 1368 647 1451 exemplaria
669 1388 708 1430 ne
730 1367 898 1430 verisimile
920 1369 1042 1450 quidem
1065 1374 1113 1433 est
1135 1373 1298 1453 propterea
1319 1371 1400 1452 quod

206 1478 279 1536 tunc
311 1495 372 1538 non
405 1479 500 1552 erant,
536 1476 587 1555 qui
620 1475 763 1538 orationis
786 1475 957 1556 elegantiae
979 1477 1069 1540 unice
1091 1477 1202 1540 intenti
1225 1482 1327 1541 essent
1349 1479 1399 1559 (ci.

205 1582 399 1666 Bernhardyi
431 1583 501 1646 hist.
534 1583 594 1645 litt.
621 1581 747 1662 graeo.⁸
768 1583 830 1646 vol.
852 1583 870 1644 Ι
892 1605 922 1666 p.
947 1587 1031 1663 184).
1077 1584 1182 1664 Atque
1204 1604 1310 1668 reapse
1334 1604 1397 1648 sac-

200 1690 270 1752 culo
303 1694 374 1752 ante
407 1689 561 1760 Christum
593 1692 698 1752 natum
730 1689 826 1771 primo
858 1691 1004 1769 rhetores,
1036 1692 1088 1773 qui
1117 1692 1232 1778 animos
1254 1692 1399 1756 iuvenum

202 1797 348 1862 doctrinis
380 1797 572 1874 excolebant,
605 1798 643 1858 ad
676 1797 840 1880 scriptores
872 1797 1012 1878 antiquos
1043 1799 1129 1880 quasi
1160 1800 1199 1862 ad
1227 1799 1325 1862 solum
1348 1819 1400 1860 ve-

204 1905 295 1964 nuste
327 1907 472 1985 recteque
494 1905 639 1984 loquendi
662 1906 776 1968 fontem
798 1906 932 1968 nondum
955 1925 988 1966 se
1011 1905 1154 1968 retulisse
1177 1906 1256 1968 inira
1278 1906 1400 1969 demon·

206 2010 377 2075 strabimns.
433 2009 508 2074 Cum
540 2033 614 2076 vero
647 2015 794 2092 nugatum
826 2031 894 2072 esse
917 2010 1142 2082 Quintilianum
1165 2033 1252 2076 nemo
1275 2015 1401 2077 credere

203 2115 321 2194 audeat,
353 2117 557 2182 Ruhnkenius
594 2119 677 2200 illius
708 2120 805 2180 verba
835 2117 867 2178 in
899 2119 1088 2182 commodum
1111 2121 1291 2198 sententiae,
1323 2141 1402 2202 quae

203 2224 261 2307 ipsi
292 2225 456 2302 arridebat,
488 2244 648 2307 perperam
681 2225 844 2288 detorsisse
867 2225 999 2289 videtur.
1045 2226 1156 2308 Itaque
1174 2247 1248 2288 num
1271 2228 1331 2290 alia
1354 2249 1399 2292 ra-

202 2332 294 2408 tione,
317 2331 391 2411 quid
413 2332 544 2414 scriptor
567 2332 706 2408 senserit,
729 2351 837 2392 eruere
858 2331 1016 2413 possimus,
1038 2333 1254 2412 inquirendum
1278 2339 1333 2398 est.

292 2436 433 2500 Occurrit
459 2437 492 2499 id
514 2439 595 2518 quod
618 2439 657 2498 de
680 2457 717 2500 ea
734 2458 768 2500 re
790 2435 948 2500 Nauckius
969 2438 1063 2502 Arist.
1087 2439 1218 2521 Byzant.
1241 2441 1347 2529 fragm.
1370 2466 1399 2526 p.

203 2546 243 2606 68
279 2543 440 2624 cogitavit:
471 2537 685 2627 Aristophanis
708 2548 740 2607 et
762 2544 933 2608 Aristarchi
956 2565 1048 2628 opera
1071 2566 1139 2608 cum
1163 2547 1271 2630 opibus
1293 2549 1399 2614 biblio·

203 2650 309 2712 thecae
350 2651 580 2714 Alcxandrinae
618 2651 794 2732 digerendis
834 2656 867 2714 et
903 2654 942 2714 ad
974 2653 1094 2716 tabulas
1124 2656 1306 2720 revocandis
1333 2662 1400 2720 arte

205 2756 365 2820 coniuncta
396 2757 427 2820 in
460 2779 495 2822 eo
519 2760 697 2838 substitisse,
720 2763 756 2822 ut
778 2759 940 2844 scriptores
962 2760 994 2821 in
1016 2761 1124 2842 quovis
1147 2783 1262 2844 genere
1285 2765 1399 2847 conspi-

117 2889 122 2900 ·
202 2884 273 2927 euos
298 2869 350 2928 aut
373 2866 513 2928 breuiore
534 2867 635 2931 indice
658 2868 950 2950 comprehenderent
971 2873 1025 2932 aut
1046 2870 1187 2933 uberiore
1210 2871 1399 2934 enarratione

207 2972 417 3035 describerent
448 2993 483 3036 ac
514 2993 660 3056 personas
691 2977 819 3055 agerent
836 2975 990 3036 hominum
1014 2962 1208 3054 eruditorum,
1232 2978 1284 3058 qui
1306 2979 1398 3040 histo-

205 3075 267 3136 riae
304 3078 473 3142 litterariae
511 3085 672 3145 stemmata
705 3083 854 3162 quaedam
885 3081 1061 3146 conderent.
1108 3082 1169 3146 Sed
1200 3103 1269 3146 cum
1299 3083 1332 3146 id
1355 3105 1396 3146 ex

202 3181 305 3243 verbis
329 3184 510 3254 Quintiliani
531 3189 598 3269 cogi
620 3189 676 3267 vix
699 3188 803 3270 possit,
826 3188 897 3268 quia
918 3188 1039 3270 proprie
1061 3190 1101 3251 de
1124 3189 1228 3252 officiis
1250 3210 1396 3272 gramma·

202 3289 255 3352 tici
291 3290 426 3371 loquitur
456 3313 556 3374 neque
587 3296 626 3356 ad
658 3314 710 3382 eos
736 3295 826 3372 uiros,
849 3295 902 3376 qui
924 3295 1047 3358 fortuito
1070 3296 1273 3360 bibliothecae
1296 3301 1395 3362 custo-

205 3397 335 3460 diendae
357 3399 543 3481 provinciam
566 3402 862 3480 administraverunt,
886 3406 1024 3486 spectare
1047 3405 1199 3484 putandus
1222 3409 1278 3483 est,
1306 3406 1395 3470 etiam

203 3499 361 3568 Nauchius
384 3506 484 3570 nescio
504 3527 541 3569 an
564 3510 646 3570 haud
668 3512 783 3572 rectam
804 3509 900 3572 instet
920 3509 1008 3577 viana

176 3616 177 3620 ’
281 3613 375 3684 -Quid
398 3613 516 3677 multa?
561 3615 638 3676 Mihi
669 3615 792 3695 quidem
825 3617 856 3678 id
879 3617 986 3678 summi
1009 3619 1152 3684 momenti
1175 3639 1242 3682 esse
1265 3620 1395 3696 videtur,

204 3722 285 3799 quod
324 3740 533 3803 quaecumque
571 3726 643 3785 ante
674 3723 763 3798 hunc,
795 3724 894 3802 quode
926 3725 1035 3806 agitur,
1067 3727 1166 3788 locum
1190 3725 1396 3798 Quintilianus

205 3829 324 3904 tractat,
357 3831 396 3891 ad
428 3831 547 3894 scholas
572 3829 822 3913 disciplinamque
843 3849 1003 3912 puerorum
1026 3833 1189 3916 pertinent.
1235 3833 1394 3906 Quintilia-

205 3950 262 3993 nus
285 3935 365 3996 enim
388 3957 519 4018 prooem.
544 3938 569 4018 §t
595 3945 635 4003 21
661 3937 772 4014 „Liber
794 3937 918 4019 primus,
940 3939 1047 4021 inquit,
1071 3959 1105 4002 ea
1128 3959 1206 4020 quae
1229 3944 1300 4002 sunt
1322 3943 1393 4004 ante

203 4035 334 4100 officium
371 4043 510 4121 rhetoris,
551 4045 744 4109 continebit.“
801 4046 963 4127 Postquam
994 4047 1089 4128 igitur
1120 4049 1267 4127 quomodo
1299 4047 1396 4128 prima

204 4143 358 4208 elementa
389 4153 548 4214 tractanda
572 4157 682 4229 essent,
706 4154 849 4236 exposuit
870 4155 909 4234 (1,
935 4158 981 4234 1),
998 4154 1102 4217 utilius
1124 4173 1234 4237 pueros
1255 4155 1287 4216 in
1310 4154 1393 4216 scho-

202 4250 242 4312 lis
270 4253 391 4339 erudiri
423 4275 512 4333 quarn
544 4259 624 4321 domi
648 4261 781 4324 ostendit
803 4263 842 4343 (I,
866 4266 907 4341 2).
954 4247 1031 4323 Num
1053 4262 1218 4346 „Pleraque
1241 4263 1329 4339 hanc,
1351 4261 1394 4325 ait
