3386 4986
701 293 920 351 ..13-

211 484 355 560 valuisse,
378 489 414 548 ut
435 501 530 566 prope
553 483 609 546 soli
633 484 775 565 vigerent
797 483 1013 564 hominumque
1035 483 1137 546 studia
1159 486 1309 560 tenerent,
1332 483 1408 546 ulios

210 594 315 652 autem
330 589 493 672 scriptores
508 589 665 654 inferiores
686 590 914 670 imitationeque
937 588 1079 670 indignos
1102 609 1161 652 non
1185 611 1253 652 esse
1276 590 1408 671 descrip-

212 701 258 760 tos
290 701 324 758 et
354 697 478 760 tandem
508 696 709 760 intercidisse.

300 801 387 864 Haec
418 803 558 883 quamvis
598 820 679 864 nova
719 800 923 864 Ruhnkenius
959 804 1004 866 ita
1044 804 1181 885 protulit,
1222 807 1258 864 ut
1295 802 1408 885 quippe

214 909 266 988 qui
294 908 470 970 certissimis
492 909 682 988 argumentis
705 927 742 970 ea
763 913 922 972 assecutus
944 929 1012 970 esse
1043 909 1211 986 rideretur,
1244 911 1273 972 ei
1305 929 1406 972 assen-

213 1015 346 1076 tirentur
386 1015 509 1096 plurimi
549 1015 683 1076 virorum
723 1017 889 1079 doctorum.
952 1014 995 1078 Ut
1032 1017 1112 1078 enim
1150 1018 1224 1080 alios
1262 1015 1407 1090 omittam,

212 1120 362 1202 Heynius·
397 1123 428 1182 in
465 1121 668 1204 disputatione
706 1123 745 1182 de
783 1123 872 1202 genio
905 1141 983 1186 saec.
1015 1122 1143 1185 Ptolem.
1172 1125 1220 1201 (of.
1255 1141 1356 1204 opusc.
1390 1121 1408 1182 1

210 1249 240 1310 p.
282 1230 357 1306 103)
381 1232 437 1306 ,οἵ
478 1227 654 1291 Friderious
697 1229 859 1308 Augustus
904 1228 1036 1294 Wolfiue
1077 1231 1258 1293 sententiam
1301 1228 1407 1290 Ruhn-

212 1334 284 1394 keni
322 1335 602 1415 comprobaverunt.
649 1333 755 1412 „Unus
788 1335 842 1397 ille
865 1337 1012 1412 delectus,
1046 1335 1089 1398 ait
1111 1335 1244 1398 Wolfius
1267 1335 1342 1416 prol.
1367 1335 1407 1395 ud

210 1439 299 1504 Hom.
317 1461 346 1522 p.
369 1438 451 1502 0Χο
474 1441 524 1521 (of.
549 1463 578 1522 p.
595 1439 779 1522 CCLVIII),
802 1443 996 1505 classicorum
1020 1443 1201 1525 scriptorum
1224 1445 1257 1503 et
1280 1443 1311 1502 in
1334 1461 1407 1520 que·

212 1566 272 1626 que
294 1566 409 1626 genere
431 1548 611 1628 principum,
635 1568 725 1627 quem
748 1548 817 1611 libr.
832 1549 866 1611 X
881 1548 1088 1620 Quintilianus
1111 1556 1143 1612 et
1165 1549 1296 1628 quodam
1318 1549 1406 1610 modo

210 1656 275 1715 tota
307 1652 473 1733 antiquitas
496 1654 644 1733 seqnitur,
668 1656 801 1718 omnium
824 1657 1013 1719 saeculorum
1036 1656 1138 1718 studia
1161 1661 1193 1717 et
1215 1654 1406 1717 librariorum

209 1778 315 1820 manus
347 1759 462 1822 direxit
493 1761 532 1822 ed
563 1761 603 1836 id,
631 1762 713 1842 quod
736 1763 881 1844 optimum
904 1767 972 1825 eret
993 1763 1026 1824 in
1048 1762 1166 1824 infinita
1189 1762 1281 1843 copia.
1327 1761 1406 1821 Abs-

209 1885 269 1943 que
312 1866 365 1928 illo
403 1868 525 1930 delectu
558 1872 648 1944 esset
686 1869 820 1950 prolecto
851 1890 908 1932 nos
930 1888 990 1931 non
1013 1870 1088 1932 haec
1111 1872 1307 1931 monumenta
1329 1867 1405 1930 anti-

209 1971 322 2050 quioris
354 1971 498 2036 Graeciae
531 1979 563 2036 et
595 1976 675 2037 haud
708 1976 769 2038 scio
802 1995 840 2038 an
862 1976 963 2038 minus
985 1976 1174 2058 praestantia
1195 1976 1404 2036 haberemus.“

209 2077 289 2138 Item
319 2079 351 2139 in
384 2080 428 2141 eis
456 2079 551 2157 libris,
575 2083 627 2161 qui
650 2103 691 2143 ex
715 2083 834 2159 scholis,
858 2103 933 2162 quas
955 2083 1087 2146 Wolfius
1110 2082 1225 2156 habuit,
1248 2081 1405 2161 compositi

206 2182 414 2248 inscribuntur
463 2187 729 2268 „Encyclopeedie
776 2191 832 2250 der
876 2188 1298 2254 Alterthumswirsenschait‘
1343 2186 1402 2262 (ed.

208 2287 345 2354 Giirtler.
370 2292 453 2374 Lips.
478 2297 562 2356 1831
583 2315 612 2374 p.
634 2295 688 2372 19)
710 2298 744 2356 et
766 2295 983 2374 „Darstellung
1007 2298 1062 2357 der
1085 2292 1404 2356 Alterthumswissen-

209 2396 306 2456 schuit
336 2398 395 2474 (ed.
420 2397 592 2461 Hoffmann.
615 2399 696 2482 Lips.
721 2404 807 2464 1833
832 2423 860 2481 p.
887 2405 948 2480 13),
971 2404 1028 2463 hac
1050 2402 1115 2483 ipse
1138 2419 1266 2462 censura
1287 2398 1404 2462 Aristo·

208 2499 317 2580 phenis
350 2507 382 2565 et
404 2504 574 2567 Aristarchi
603 2507 767 2589 scriptores
790 2509 932 2570 classicos
955 2507 1042 2571 nobis
1066 2529 1134 2570 esse
1158 2512 1294 2571 servatos
1317 2505 1404 2568 Wol-

208 2604 265 2666 fius
297 2609 425 2671 edocere
456 2615 675 2692 perseveravit.
732 2615 809 2675 Tum
837 2615 1097 2694 Wyttenbaehius
1121 2617 1193 2692 „vit
1218 2612 1404 2676 Ruhnkeni“

207 2790 342 2860 dirigatur
370 2801 482 2864 oportet,
510 2798 636 2852 dicuntur
657 2797 777 2858 κανόνες,
815 2799 874 2852 Ηαο
893 2801 925 2853 de
943 2816 973 2854 re
992 2802 1095 2869 copiose
1114 2807 1206 2856 auctor
1223 2797 1403 2869 Etymologici

207 2880 301 2948 Mtgni
318 2900 344 2951 p.
362 2886 423 2949 489,
448 2886 482 2939 29
501 2886 586 2942 Gaisf.
604 2889 732 2956 explicat:
752 2891 871 2958 „ciperet
889 2888 982 2941 κανων
1000 2887 1056 2942 ἀπό
1074 2895 1123 2940 τοῦ
1141 2888 1403 2948 τεκτικοῦ-κανόνος·

207 2966 299 3040 ὥσπερ
321 2972 376 3044 γάρ
396 2974 412 3026 ό
430 2975 533 3028 τέκτων
550 2977 682 3048 κέχρηται
699 2975 795 3028 κανόνι
813 2976 860 3028 doci
877 2977 910 3029 τό
928 2977 1153 3048 ἐπανορθοῦσθαι
1171 2977 1203 3030 τό
1221 2976 1403 3047 ἀποτελούμε-

209 3071 266 3115 νον,
289 3057 339 3109 τόν
361 3061 447 3116 αὐτόν
464 3063 569 3135 τρόπον
587 3069 632 3117 καὶ
650 3065 726 3136 ἡμεῖς
743 3063 907 3136 κεχρήμεθα
925 3070 966 3138 τῷ
983 3065 1080 3119 κανόνι
1099 3065 1145 3118 δια
1163 3066 1195 3118 τό
1213 3066 1403 3136 ἐπανορθοῦσ-

208 3143 259 3190 θαι
285 3143 334 3202 τᾶς
360 3148 466 3212 λέξεις.“
502 3155 591 3222 Atque
619 3155 720 3208 similia
747 3155 776 3208 in
800 3155 915 3208 Belrkeri
934 3157 1026 3211 anecd.
1045 3174 1133 3224 graec.
1153 3157 1206 3216 vol.
1225 3157 1269 3210 III
1287 3172 1313 3224 p.
1334 3155 1402 3210 1180

161 3279 163 3286 .
207 3232 389 3296 reperiuntur:
414 3240 522 3300 »κανων
544 3241 602 3293 ἐστι
620 3241 700 3310 λόγος
718 3243 849 3312 ἔντεχνος
867 3240 1031 3296 α’πενθόνων
1050 3241 1198 3315 ὁμοιότητα
1215 3243 1284 3314 πρός
1302 3241 1335 3295 τό
1352 3261 1402 3295 αα-

206 3319 289 3373 3όλοο
314 3321 347 3373 τό
373 3323 593 3398 διεστραμμένον
619 3335 665 3394 τῆς
690 3331 791 3395 λέξεως,
816 3331 940 3385 τουτέστι
963 3330 1043 3400 λόγος
1067 3331 1138 3403 μετα
1162 3334 1260 3402 τέχνης
1279 3332 1325 3384 δια
1343 3337 1401 3384 τοῖν

205 3408 310 3481 όμοίων
334 3411 375 3464 ἐπ’
390 3411 500 3474 εὐθείας
525 3416 603 3484 ἄγων
629 3417 646 3481 ἢ
665 3417 788 3489 ἐλέγχων
805 3419 873 3490 πρός
891 3419 926 3471 τό
940 3419 1049 3472 πλείονα
1067 3420 1099 3471 τό
1118 3420 1339 3494 όιεοτραμμένον
1357 3427 1402 3473 καὶ

204 3497 401 3570 ἡμαρτημένον
410 3507 457 3566 τῆς
465 3503 567 3568 λέξεως·
586 3505 621 3556 ro?
631 3505 687 3576 γαρ
705 3507 814 3560 πλείονα
833 3513 890 3560 τῶν
908 3507 1061 3562 ἐλαττόνων
1078 3510 1215 3571 κανόνες.“
1243 3512 1401 3566 inscribitur

204 3589 291 3656 igitur
309 3591 440 3648 Theodosi
459 3594 568 3647 libellus
586 3596 786 3662 grammaticus,
811 3613 890 3664 quem
909 3597 995 3651 edidit
1013 3599 1149 3654 Bellerus
1169 3603 1186 3656 l.
1198 3602 1215 3655 l.
1234 3618 1259 3668 p.
1271 3602 1322 3655 975
1333 3618 1398 3669 sqq.‚

204 3680 394 3748 ,,εἰοαγωγοκοὶ
420 3679 559 3742 κανόνες.“
595 3682 755 3752 Saepissime
779 3689 869 3740 autem
896 3686 947 3740 hae
973 3703 1037 3742 voce
1062 3676 1206 3758 Dionysius
1224 3689 1398 3744 Halicarnas-

206 3769 290 3822 sensis
317 3789 380 3825 usus
406 3776 459 3826 est:
486 3774 519 3827 dc
539 3773 600 3842 Lys.
619 3773 666 3826 iud
685 3790 707 3827 c.
727 3773 762 3826 24
780 3791 805 3842 p.
825 3775 877 3829 500
895 3776 927 3830 R.
946 3782 1088 3847 praecepta
1105 3780 1171 3832 artis
1190 3779 1337 3833 rhetoricae
1358 3783 1401 3839 „et

205 3855 318 3916 κανόνες
345 3864 371 3910 οἱ
397 3865 454 3912 τοῖν
481 3867 608 3932 τεχνῶν(ί
635 3862 773 3926 dicuntum
802 3864 880 3932 epist
909 3866 943 3919 ad
974 3865 1023 3924 Cn.
1051 3866 1145 3936 Pomp.
1174 3884 1195 3924 c.
1216 3873 1232 3920 3
1251 3887 1275 3938 p.
1297 3871 1347 3922 775
1366 3870 1399 3922 R.

206 3939 360 4012 ’,Ἡρόδοτός
387 3967 416 4001 τε
434 3949 489 4021 γάρ
516 3955 563 4013 τῆς
590 3950 671 4011 Isidos
688 3951 798 4023 ἄριστος
815 3953 916 4005 κανων.
955 3955 1114 4020 Θουκυδίδης
1139 3973 1170 4008 τε
1192 3963 1238 4019 τῆς
1261 3956 1399 4015 ’,ι1τ3οἰλοςίι

206 4031 389 4104 perhibentum
418 4037 451 4093 de
478 4039 597 4109 Thucyd.
625 4059 647 4097 e.
667 4041 727 4110 215.
746 4041 799 4096 813
818 4043 850 4097 R.
869 4045 1021 4128 appellatur
1038 4045 1206 4116 Thucydides
1225 4045 1333 4107 „novor
1351 4050 1398 4107 τῆς

205 4121 339 4189 ἱστορικῆς
365 4133 576 4196 πραγματείας.“
621 4130 691 4183 Item
718 4134 868 4200 temporum
896 4133 1107 4188 definiendorum
1134 4151 1241 4187 normae
1270 4139 1398 4188 vocantur

205 4207 318 4268 κανόνες
334 4212 498 4284 (cillionys.
512 4216 575 4271 Hal.
594 4221 662 4273 antt.
680 4219 756 4274 Rom.
774 4220 796 4284 Ι,
817 4219 851 4273 74
869 4237 894 4288 p,
915 4223 964 4276 187
984 4223 1015 4275 R.
1036 4227 1063 4276 et
1082 4224 1152 4276 Plut.
1173 4224 1218 4276 vit.
1238 4221 1290 4279 Sol.
1310 4240 1331 4278 o.
1352 4224 1397 4290 24)
