3386 4986
690 317 908 382 ..31-

200 522 261 586 Sed
294 541 364 584 oum
392 537 428 580 ea
451 539 492 578 ex
515 517 669 580 variorum
682 514 723 596 16)
747 513 867 596 scriptis
889 515 1000 576 misere
1023 514 1185 578 conflatum
1209 513 1257 591 sit,
1280 514 1401 577 omnino

201 632 267 693 fere
291 648 357 690 eam
380 625 547 706 neglegere
570 625 673 706 placet
696 626 728 684 at
751 642 787 684 ea
811 625 931 684 tantum
954 641 1032 701 quae
1056 641 1097 682 ex
1121 621 1165 682 eis
1188 643 1263 702 quos
1287 621 1399 704 compi-

202 735 290 811 larit,
313 732 511 815 scriptoribus
533 751 594 793 non
616 730 691 790 licet
712 728 842 805 haurire,
865 728 944 790 inira
966 747 1126 811 apponere.
1172 729 1312 809 Denique
1336 729 1400 809 qui-

202 847 336 922 cumque
372 859 433 902 non
475 861 516 900 ex
548 836 711 919 proposito,
744 837 798 897 sed
826 834 949 896 fortuito
973 836 1153 917 scriptorum
1177 836 1402 899 existimatione

168 984 169 987 =
201 949 298 1010 functi
322 951 401 1024 sunt,
424 945 535 1008 iudicia
558 963 662 1008 eorum
685 947 776 1004 erunt
798 942 960 1006 afferenda.

715 1307 786 1395 ’ὲ
818 1307 849 1379 2.

293 1557 359 1620 iam
392 1555 431 1616 ad
463 1553 503 1630 id,
527 1555 608 1633 quod
631 1553 718 1614 nobis
740 1552 959 1635 proposuimus,
983 1551 1096 1615 animos
1120 1553 1285 1634 diligenter
1308 1561 1402 1620 atten-

204 1667 312 1728 damus
329 1669 422 1743 atque
441 1663 588 1741 quantum
606 1661 688 1742 apud
704 1663 827 1722 veteres
841 1660 975 1724 valuerit
991 1681 1100 1722 census
1115 1661 1403 1740 Alexandrinorum,

204 1773 304 1852 quoad
336 1769 401 1831 fieri
424 1771 534 1850 potest,
558 1768 757 1849 requiramus.
803 1767 891 1828 Hanc
917 1767 1013 1847 igitur
1035 1769 1074 1829 ad
1097 1770 1306 1848 quaestionem
1329 1791 1400 1851 pro-

195 1869 319 1957 gressis
342 1877 500 1940 exordium
524 1876 610 1938 nubis
633 1876 813 1937 sumendum
838 1880 885 1938 est
907 1877 945 1936 ab
969 1875 1063 1956 epicis
1085 1876 1191 1956 poetis.
1217 1911 1258 1922 -

767 2071 840 2150 A.

294 2249 491 2336 Epicurum
509 2251 698 2334 poctarum
720 2251 752 2310 in
776 2251 906 2332 epitoma
928 2249 1058 2330 Dionysi
1081 2251 1181 2331 operis
1204 2247 1282 2335 περὶ
1305 2243 1404 2339 μιμή-

210 2379 293 2433 σεως
325 2362 470 2438 quattuor
501 2357 621 2419 nomina
648 2361 868 2438 proponuntur:
900 2354 1061 2432 Homerus,
1080 2356 1244 2436 Hesiodus,
1267 2360 1403 2422 Antima-

210 2467 293 2541 chus,
333 2465 483 2546 Panyasis
521 2467 613 2544 atque
651 2465 757 2524 eadem
789 2483 807 2524 a
840 2463 1027 2534 Quintiliano
1050 2463 1104 2544 (X,
1130 2469 1158 2540 1,
1183 2469 1223 2528 46
1248 2463 1328 2550 sqq.)
1352 2467 1403 2547 qui

209 2571 292 2633 illius
325 2572 438 2634 iudicia
468 2589 563 2653 paene
596 2571 792 2652 descripsisse
830 2571 962 2647 uidetur,
986 2571 1156 2634 laudantur.
1203 2570 1279 2633 Cum
1301 2577 1403 2636 antem

206 2680 300 2740 addat
340 2679 540 2761 „Apollonius
559 2753 561 2758 Ι
580 2679 611 2738 in
653 2679 791 2740 ordinem
823 2697 841 2739 a
872 2677 1075 2757 grammaticis
1108 2678 1212 2740 datum
1231 2699 1290 2741 non
1313 2681 1407 2757 venit,

205 2785 277 2864 quia
299 2785 497 2848 Aristarchus
520 2791 612 2866 atque
635 2785 855 2864 Aristophanes
877 2784 1030 2846 neminem
1054 2785 1099 2845 sui
1116 2785 1261 2867 temporis
1279 2789 1406 2868 redege-

205 2899 292 2971 runt;
315 2913 375 2956 non
394 2895 647 2957 contemnendum
665 2891 761 2954 edidit
780 2911 856 2972 opus
878 2893 997 2972 aequali
1020 2893 1150 2972 quadam
1172 2894 1406 2971 mediocritate“‚
1429 2899 1432 2905 “

205 3107 415 3118 Ἥ..

279 3209 312 3270 ²⁶)
330 3209 497 3289 Andronicus
516 3211 624 3265 Ioannis
643 3211 757 3266 Tzetzae
775 3209 939 3280 prooemium
958 3209 987 3262 in
1004 3208 1069 3266 Hes.
1088 3211 1107 3268 l.
1118 3210 1135 3264 l.
1155 3210 1294 3280 exscripsit
1312 3229 1328 3266 a
1346 3227 1403 3267 ver-

208 3295 250 3351 bis
276 3303 351 3364 ,pair
375 3305 496 3363 ποιητῶν
524 3305 552 3352 οἱ
567 3301 621 3372 μέν
639 3302 709 3352 εἰσι“
729 3316 813 3369 usque
832 3300 866 3353 ad
886 3289 959 3364 »οἷός
978 3297 1054 3350 ἐστιν
1071 3298 1273 3372 Ἀριστοφάνης,
1290 3301 1406 3366 Εὔπολις,

207 3385 393 3460 aispergam&
417 3407 502 3460 neque
527 3389 673 3461 quidquam
698 3390 752 3444 nisi
769 3389 899 3444 nonnulla
918 3389 1063 3458 lyricorum
1081 3394 1219 3458 poetarum
1237 3391 1345 3446 nomina
1363 3393 1404 3446 in·

208 3477 349 3548 terposuit.
387 3479 491 3534 Deinde
518 3497 587 3550 quae
615 3480 648 3534 de
675 3480 828 3536 comoediae
856 3495 968 3548 graecae
998 3479 1193 3534 mutationibus
1220 3480 1342 3548 explicat,
1375 3499 1406 3535 ea

207 3572 315 3636 praeter
346 3567 500 3623 fabularum
525 3571 647 3625 Platonis
675 3569 768 3624 comici
791 3569 894 3624 indices
919 3569 984 3623 duos
1008 3567 1077 3619 rard
1103 3557 1240 3638 στοιχεῑοῷ
1264 3571 1405 3636 confectos,

151 3641 164 3662 ⁸
187 3673 274 3726 quos
300 3657 398 3712 Suidas
424 3677 444 3713 s.
463 3659 490 3712 h.
510 3677 533 3714 v.
560 3658 588 3711 in
607 3675 690 3712 unum
708 3658 826 3713 ordinem
845 3662 949 3713 coactos
968 3657 1058 3723 habet,
1079 3661 1106 3711 et
1123 3662 1229 3726 praeter
1247 3660 1404 3714 comicorum

205 3746 351 3802 latinorum
378 3749 549 3818 quaestiones
575 3747 609 3802 ad
634 3750 716 3804 verba
740 3748 916 3818 Melampodis
941 3748 1022 3802 schol.
1048 3747 1125 3801 Dion.
1150 3746 1212 3802 Thr.
1232 3748 1280 3804 l.1.
1299 3765 1325 3818 p.
1344 3750 1404 3814 749,

211 3835 244 3888 13
271 3853 327 3906 sqq.
355 3838 399 3907 (of.
428 3838 705 3892 Hoerschelmannum
737 3839 755 3894 l.
772 3839 789 3896 l.
819 3855 845 3907 p.
870 3837 915 3908 11)
934 3842 961 3891 et
979 3837 1103 3906 anonymi
1121 3838 1183 3907 περὶ
1201 3835 1343 3908 κωμῳδίας
1362 3838 1404 3903 (cf.

209 3921 329 3980 Crameri
356 3929 448 3984 anecd.
473 3929 559 3986 Paris.
586 3928 638 3982 vol.
663 3928 678 3980 Ι
702 3944 727 3996 p.
752 3928 781 3997 4)
806 3927 923 3996 proxime
949 3927 1086 3982 accedunt.
1123 3926 1259 3980 Postremo
1284 3927 1405 3980 averbis

210 4020 367 4082 ‚spayraco
392 4015 422 4068 di
447 4022 568 4081 ποιητῶν
595 4015 741 4090 γνώρισμα
768 4001 869 4068 οἷκτοι“
902 4032 985 4085 usque
1010 4017 1045 4070 ad
1068 4016 1149 4069 finem
1174 4015 1267 4084 paucis
1292 4016 1403 4070 adiectis

210 4100 337 4157 Ioannem
366 4105 492 4162 Tuctuam
517 4107 685 4162 Andronicus
711 4104 798 4161 denno
822 4107 943 4175 sequitur
969 4109 1049 4174 atque
1073 4105 1101 4158 in
1124 4105 1209 4173 pocus
1233 4104 1314 4172 epicis
1339 4121 1403 4158 enu-

210 4191 344 4246 merandis
362 4193 510 4250 Hesiodum
540 4198 636 4252 ultimo
661 4196 726 4262 loco,
752 4211 804 4266 quo
830 4211 891 4250 eum
914 4195 1013 4249 Tretza
1040 4210 1087 4248 suo
1112 4193 1221 4248 consilio
1245 4193 1342 4262 posuit,
1361 4194 1423 4248 re·'

208 4279 300 4338 tinuit.
875 4305 876 4308 ¹
