3386 4986
774 294 1085 362 -48-“

286 489 371 558 cuius
403 491 489 558 nulla
521 489 646 558 exstant
669 494 788 576 scripta,
821 495 972 556 Demades
996 493 1108 575 aliique
1132 494 1244 576 plures.
1291 490 1377 555 Haec
1400 489 1480 554 enim

209 655 210 660 ,
288 607 372 666 astas
391 602 498 665 effudit
512 604 590 664 hanc
613 600 729 682 copiam
752 605 783 664 et
805 606 840 666 ut
863 602 963 686 opinio
986 621 1055 666 mea
1076 602 1145 677 fert,
1169 621 1260 664 sucus
1282 599 1336 662 ille
1359 603 1391 662 et
1414 619 1480 662 san·

286 709 356 788 guis
377 709 570 791 incorruptus
592 709 690 787 usque
713 708 851 771 adhunc
874 713 1007 774 aetatem
1030 713 1182 772 oratorum
1205 707 1270 784 fuit,
1293 707 1325 768 in
1348 726 1408 788 qua
1429 727 1481 768 na-

284 816 391 878 turalis
424 816 549 891 inesset,
581 834 641 878 non
673 815 791 878 fucatus
822 816 911 882 nitor.
957 817 1125 879 Phalereus
1156 814 1236 876 enim
1269 813 1415 876 successit
1437 813 1482 875 eis

284 923 407 984 senibus
434 922 686 986 adulescens...
715 923 764 985 hic
788 923 904 1004 primus
926 924 1047 987 inflexit
1069 923 1252 986 orationem“
1269 925 1368 1002 atque
1390 921 1481 1004 paulo

285 1033 354 1111 post
376 1029 441 1108 (82,
466 1029 544 1110 285)
568 1027 674 1092 Cicero
697 1031 772 1092 haec
795 1031 901 1092 tradit:
934 1031 1029 1107 „illud
1053 1032 1145 1093 etiam
1169 1050 1291 1112 quaem,
1305 1029 1481 1090 ¹Phalereus

284 1136 336 1196 ille
360 1135 535 1198 Demetrius
557 1135 703 1200 Atticene
735 1135 873 1198 dixerit?
918 1136 995 1199 Mihi
1023 1137 1146 1218 quidem
1171 1158 1211 1200 ex
1234 1137 1317 1198 illius
1340 1135 1480 1198 orationi-

283 1245 340 1304 bus
374 1244 514 1306 redolere
546 1245 629 1328 ipsae
652 1243 793 1306 Athenae
821 1244 1038 1306 videntur...
1062 1245 1105 1306 Et
1127 1244 1248 1324 quidem
1273 1247 1333 1306 duo
1356 1246 1482 1306 fuerunt

281 1350 434 1431 peridem
454 1357 575 1434 tempus
593 1351 754 1414 dissimiles
768 1350 849 1413 inter
873 1370 914 1427 se,
939 1352 992 1412 sed
1014 1350 1111 1414 Attici
1135 1355 1247 1412 tamen:
1273 1349 1480 1418 Charisius...

283 1456 495 1522 Demochares.
542 1459 586 1521 At
619 1458 736 1520 Charisi
768 1459 837 1521 vult
868 1456 1019 1539 Hegesias
1052 1479 1118 1520 csse
1142 1457 1248 1519 similis
1271 1457 1358 1538 isque
1382 1479 1414 1520 se
1437 1459 1480 1522 ita

283 1568 372 1644 putat
404 1565 550 1641 Atticum,
588 1569 624 1627 ut
660 1583 751 1627 veros
782 1564 853 1628 illos
884 1585 958 1648 prae
986 1588 1018 1629 se
1042 1587 1139 1648 paene
1162 1564 1299 1645 agrestes
1322 1569 1425 1647 putet:
1449 1573 1481 1628 at

284 1669 357 1750 quid
400 1679 447 1734 ost
489 1679 550 1734 tam
582 1673 721 1748 fractum,
754 1677 816 1736 tam
843 1673 993 1736 minutum
1017 1695 1042 1736 e.
1067 1696 1095 1754 q.
1117 1661 1142 1736 s.
1154 1673 1189 1733 '?“
1235 1673 1285 1734 Ex
1309 1673 1356 1734 his
1379 1693 1480 1734 nonne

286 1777 460 1840 luculenter
491 1782 620 1862 apparet
651 1783 769 1842 tantum
802 1780 942 1856 abluisse,
966 1785 1001 1842 ut
1024 1779 1129 1842 Cicero
1154 1782 1259 1842 decern
1284 1785 1418 1844 oratores
1441 1783 1479 1842 ab

282 1883 350 1946 aliis
367 1885 478 1948 Atticis
494 1889 649 1967 separatos
664 1905 732 1948 esse
756 1886 855 1963 sciret,
879 1893 914 1948 ut
937 1886 1059 1966 quinam
1082 1887 1271 1970 potissimum
1295 1892 1399 1950 essent
1414 1906 1478 1949 ora-

283 1997 365 2053 tores
383 1991 489 2068 Attici,
509 2013 561 2054 suo
577 1992 643 2073 ipse
659 1992 784 2054 arbitrio
800 1991 967 2054 definiret?
1005 1993 1087 2063 Quid
1106 1996 1186 2072 quod
1204 1995 1349 2076 plurimos
1368 2015 1479 2070 eorum,

284 2098 336 2177 qui
369 2105 441 2160 tuno
472 2099 504 2158 in
537 2099 710 2179 eloquentia
733 2096 866 2160 studium
890 2099 1082 2175 collocarent,
1105 2103 1143 2162 ab
1167 2102 1335 2164 Atticorum
1359 2102 1479 2164 rationi-

283 2207 341 2268 bus
364 2205 484 2266 dicendi
507 2203 707 2266 alienissimos
730 2204 824 2266 fuisse
848 2203 953 2268 Cicero
978 2211 1108 2268 testatur
1131 2210 1179 2287 (ci.
1203 2211 1242 2271 de
1265 2215 1340 2272 orat.
1362 2209 1403 2285 ΙΙ,
1428 2214 1479 2285 23,

284 2317 324 2374 95
349 2311 458 2388 „hodie
481 2311 728 2374 Alabandensem
743 2312 915 2374 Meneclem
937 2321 969 2376 et
992 2316 1057 2376 eius
1081 2317 1174 2380 frater
1196 2318 1379 2395 Hieroclem,
1403 2338 1479 2398 quos

283 2439 339 2498 ego
363 2417 475 2494 audivi,
499 2421 563 2480 tota
585 2418 721 2482 imitatur
742 2418 869 2500 Asia“)?

369 2526 452 2588 Item
484 2525 558 2587 artis
590 2526 760 2612 rhetoricae
791 2528 929 2608 magistri
953 2529 1075 2592 minime
1099 2552 1116 2592 e
1140 2533 1271 2608 delectu,
1296 2535 1350 2594 sed
1374 2553 1390 2592 e
1414 2536 1478 2594 tota

280 2635 403 2696 cohorte
427 2636 579 2694 oratorum
602 2635 641 2694 ad
664 2639 827 2715 praecepta
854 2636 1035 2699 illustranda
1058 2639 1201 2718 exempla
1227 2645 1299 2699 tuno
1322 2637 1474 2698 derivasse

282 2739 408 2822 putandi
441 2742 520 2802 sunt.
577 2739 766 2820 Quamquam
799 2741 879 2803 eninr
912 2743 1113 2805 Ruhnkenius
1145 2741 1306 2803 affirmavit
1328 2739 1473 2800 rationem

282 2865 386 2908 omnes
424 2848 557 2907 oratores
595 2852 627 2908 et
658 2851 763 2928 poetas
798 2851 836 2912 ad
868 2850 1045 2912 imitandum
1067 2846 1262 2928 propensum,
1285 2863 1374 2924 qnam
1397 2842 1472 2905 anti·

285 2951 421 3032 quissimi
448 2952 586 3032 magistri
610 2959 819 3033 sequerentur,
843 2956 1081 3016 Ptolemaeorum
1105 2956 1205 3014 aetate
1227 2955 1373 3014 mutatam
1397 2971 1473 3024 esse,

281 3063 382 3120 tamen
415 3059 535 3140 obloqui
560 3062 714 3138 debemus,
747 3064 827 3143 quod
851 3062 880 3122 ei
903 3060 1093 3122 coniecturae
1116 3057 1249 3121 notabile
1273 3056 1406 3136 Gorgiae
1428 3076 1474 3116 re·
1536 3067 1539 3074 '

282 3170 399 3246 pugnat
422 3166 635 3231 testimonium.
681 3169 741 3230 Hic
768 3171 872 3229 rhetor
895 3166 946 3245 qui
969 3163 1101 3226 Athenis
1125 3164 1279 3227 Ciceronis
1301 3165 1363 3226 filio
1386 3182 1474 3245 prae·

282 3277 370 3354 cepta
402 3275 590 3337 declamandi
624 3274 749 3338 tradidit
780 3277 827 3353 (cf.
862 3273 922 3335 Dic.
955 3272 1043 3355 epist.
1076 3273 1167 3350 XVI,
1192 3279 1231 3336 21
1258 3278 1291 3335 et
1313 3272 1394 3335 Plut.
1419 3272 1473 3334 vit.

280 3376 340 3440 Dic.
364 3399 389 3442 c.
416 3382 479 3462 24),
511 3383 606 3446 libros
638 3384 780 3463 quattuor
804 3375 881 3462 περὶ
908 3370 1080 3466 σχημάτων
1104 3375 1254 3456 διανοίας
1277 3373 1334 3442 καὶ
1358 3372 1475 3455 λέξεως

282 3488 449 3568 composuit
466 3495 559 3569 atque
581 3492 612 3552 in
635 3491 688 3566 eis,
711 3510 787 3569 quos
810 3508 948 3550 sermono
972 3488 1081 3551 Latino
1103 3489 1322 3572 interpretatus
1344 3485 1376 3546 in
1399 3484 1475 3546 duos

280 3591 374 3654 libros
405 3594 541 3658 Rutilius
574 3598 680 3678 Lupus
713 3597 874 3673 contraxit,
899 3617 958 3658 non
981 3598 1070 3660 modo
1094 3618 1134 3658 ex
1158 3596 1253 3676 Lysia
1276 3598 1308 3654 et
1330 3589 1474 3672 Lycurgo

277 3705 309 3763 et
340 3701 546 3764 Demosthene
579 3707 612 3764 ct
644 3704 807 3786 Hyperide
839 3709 871 3767 et
894 3704 1054 3780 Dinaroho,
1089 3722 1197 3764 verum
1220 3697 1330 3762 ceteris
1352 3697 1475 3760 decadis

279 3808 447 3871 oratoribus
479 3809 628 3887 neglectis
652 3811 743 3872 etiam
767 3833 784 3872 e
809 3812 931 3892 Pythca
953 3813 991 3889 (Ι,
1018 3816 1056 3873 11
1081 3814 1114 3870 et
1138 3807 1191 3885 14)
1215 3805 1365 3868 Stratocle
1388 3806 1426 3886 (Ι,
1451 3809 1470 3866 9

277 3922 310 3979 et
332 3916 372 3993 11,
399 3913 455 3998 20)
488 3916 675 3976 Demochare
704 3919 741 3993 (l,
766 3922 820 3994 20)
844 3917 998 3979 Demetrio
1021 3915 1170 3976 Phalereo
1192 3914 1231 3994 (Ι,
1258 3919 1274 3974 1
1300 3916 1332 3975 et
1354 3911 1394 3989 ΙΙ,
1420 3913 1473 3993 16)

278 4022 412 4084 Charisio
436 4021 476 4106 (Ι,
497 4026 537 4085 10
555 4021 643 4096 etII,
668 4027 685 4083 6
711 4029 743 4083 et
765 4023 810 4098 II,
832 4027 884 4100 16)
908 4022 1043 4100 Hegesia
1066 4023 1105 4098 (I,
1126 4021 1291 4097 70t1,11
1318 4025 1350 4082 et
1372 4020 1416 4096 II,
1441 4022 1473 4096 2)

277 4126 441 4192 Cleochare
458 4127 498 4214 (Ι,
518 4135 536 4192 2
554 4133 586 4190 et
606 4132 658 4206 10)
678 4128 795 4190 Isidoro
810 4128 864 4208 (ΙΙ,
879 4130 932 4210 16)
948 4129 1078 4210 Myrone
1094 4129 1132 4210 (Ι,
1152 4133 1193 4191 20
1211 4134 1243 4191 et
1258 4128 1302 4203 II,
1320 4131 1351 4204 1)
1371 4126 1472 4208 Daph-

277 4236 348 4298 nide
372 4237 411 4318 (Ι,
437 4236 491 4316 15)
515 4235 665 4299 Sosicrate
688 4236 727 4318 (Ι,
754 4239 792 4297 18
818 4241 850 4298 et
872 4235 916 4312 II,
942 4239 995 4314 13)
1018 4235 1148 4318 plurima
1171 4235 1314 4316 exempla
1337 4233 1472 4316 sumpsit
