3386 4986
773 345 990 405 ..40-

285 531 368 616 cipes
395 534 541 618 appellati
565 538 637 597 sunt
659 535 834 619 Aeschylus
857 545 890 601 et
912 539 1078 621 Sophocles
1101 542 1133 600 ct
1156 538 1326 620 Euripides.
1342 539 1384 619 24)
1429 537 1479 600 lli-

284 645 395 704 cuntur
417 641 600 704 aPausania
622 643 755 720 1,21,1
781 637 834 722 „oi
859 641 1014 730 φανεροὶ“
1038 645 1088 725 (ei.
1105 639 1312 730 ,τραγῳδίας
1335 641 1372 708 δὲ
1394 647 1479 708 νεῖν-

283 769 340 810 ται
371 747 436 810 τῶν
467 749 615 836 φανερῶν
646 741 832 837 Εὐριπίδης
863 747 921 814 καὶ
953 750 1199 838 Σοφοκλῆς....
1228 743 1287 838 τὴν
1310 747 1347 814 δὲ
1368 739 1480 816 ἐἰκόνα

282 849 339 942 τὴν
361 844 535 933 Αἰσχύλου
567 856 681 943 πολλῷ
708 849 844 945 ὕστερον
875 859 934 946 τῆς
965 858 1115 945 τελευτῆς
1143 855 1230 921 δοκῶ
1253 859 1479 947 ποιηθῆναδ).

285 962 344 1025 Sed
377 964 432 1024 hos
455 966 518 1025 tres
541 963 694 1048 principes
717 987 846 1030 censura
869 967 1133 1047 grammaticorum
1157 967 1438 1030 Alexandrinorum
1462 989 1480 1030 e

284 1071 374 1132 choro
398 1069 580 1150 tragicorum
610 1074 725 1137 eleetos
746 1094 813 1135 esse
836 1093 875 1134 ne
899 1073 1040 1156 opineris,
1063 1093 1180 1139 caveas.
1226 1075 1292 1136 Iam
1316 1075 1397 1135 enim
1418 1076 1480 1157 pri-

281 1177 351 1238 dem
375 1175 582 1242 Athenienses
613 1181 705 1262 lcnge
737 1180 884 1243 maximas
906 1181 1013 1243 landes
1036 1180 1160 1262 tragicis
1182 1181 1243 1242 illis
1267 1182 1401 1262 egregiis
1423 1182 1476 1243 im-

280 1282 453 1365 pertiebant
484 1289 577 1367 atque
608 1289 679 1368 lege
702 1287 839 1369 Lycurgi
871 1287 1037 1366 notissima,
1069 1307 1130 1369 qua
1152 1287 1421 1370 praescriberetur,
1444 1293 1480 1352 ut

280 1384 439 1474 Aeschyli,
473 1391 638 1476 Sophoclis,
670 1393 826 1476 Euripidis
848 1395 997 1474 imagines
1019 1414 1129 1457 aureae
1152 1397 1339 1478 ponerentur
1363 1416 1478 1458 eorum-

278 1518 339 1578 que
371 1501 546 1580 tragoediac
578 1502 750 1584 exscriptae
772 1493 895 1584 publice
918 1506 1149 1565 asservarentur
1171 1503 1222 1583 (cf.
1246 1499 1328 1565 Plut.
1352 1502 1421 1566 vitt.
1444 1503 1477 1564 X

279 1610 368 1671 oratt.
391 1627 420 1690 p.
447 1607 911 1691 841F.)‚ips0rumiuaioium
935 1591 1130 1672 sanciendum
1154 1612 1347 1672 curaverunt.
1380 1609 1477 1670 Hera-

278 1715 379 1777 clides¹
415 1715 525 1777 deinde
566 1715 711 1778 Ponticus
743 1711 841 1802 ,περὶ
873 1717 939 1779 τῶν
971 1717 1072 1803 τριῶν
1094 1714 1372 1802 τραγῳδοποιῶν(
1396 1723 1476 1779 teste

278 1821 399 1886 Laertio
432 1823 569 1902 Diogene
592 1820 631 1896 V,
666 1825 707 1886 88
741 1823 870 1906 scripsit.
926 1824 1074 1896 Quamvis
1091 1843 1180 1887 -rerc
1213 1830 1277 1886 tres
1301 1825 1348 1886 illi
1370 1827 1478 1908 poetae

277 1929 437 1992 nobilitate
454 1929 598 1992 florerent
616 1949 782 2011 eorumque
804 1933 968 2014 praecipue
991 1931 1166 2014 Euripides,
1190 1935 1291 1993 tamen
1314 1951 1479 2012 numquam

278 2037 448 2099 fabularum
480 2055 558 2116 quae
589 2035 621 2097 iu
655 2057 764 2102 scaena
797 2043 970 2119 agerentur,
994 2057 1138 2100 numerus
1161 2043 1313 2126 coartatus
1337 2042 1400 2117 est3
1424 2041 1479 2102 sed

282 2163 342 2224 qua
383 2145 421 2204 de
459 2162 493 2204 re
535 2146 619 2205 recte
658 2144 801 2209 disseruit
834 2145 1018 2210 Welckerus
1050 2147 1186 2226 tragoed.
1219 2165 1264 2226 gr.
1289 2146 1348 2208 vol.
1372 2145 1426 2208 ΙΙΙ
1449 2169 1477 2230 p.

280 2253 365 2314 1313
385 2269 461 2329 sqq,
480 2253 601 2331 praeter
616 2251 738 2314 illorum
760 2254 932 2338 principum
954 2255 1072 2317 fabulas
1096 2254 1187 2317 etiam
1209 2253 1337 2327 aliorum
1360 2256 1478 2333 tragoe-

277 2357 345 2419 diae
376 2355 450 2436 quin
475 2356 589 2432 ¹doctae
622 2359 682 2422 sint
714 2381 843 2444 semper,
876 2362 1008 2425 dubitari
1040 2381 1101 2426 non
1133 2365 1243 2443 potest.
1290 2359 1475 2441 ceteroquin

279 2485 339 2527 non
380 2482 511 2542 normae,
549 2486 658 2527 verum
689 2465 799 2529 indicis
812 2468 853 2548 ²⁵)
884 2469 1047 2550 fragmenti
1071 2469 1202 2550 speciem
1225 2487 1298 2550 prae
1322 2487 1355 2529 se
1376 2469 1479 2529 ferunt

280 2583 325 2647 ea,
356 2587 435 2648 quae
467 2571 592 2634 Isaacus
628 2572 739 2634 Tuetza
769 2574 821 2638 l.l.
845 2596 874 2655 p.
901 2581 964 2638 256
990 2567 1095 2636 tradit:
1119 2569 1304 2657 ,τραγῳδοὶ
1327 2567 1476 2656 ποιηταὶ·

278 2667 407 2760 Ἀρίων,
454 2671 593 2756 Θέσπις,
637 2667 805 2762 Φρύνιχος,
844 2669 1027 2762 Αἰσχύλος,
1064 2666 1247 2763 Σοφοκλῆς,
1283 2668 1475 2760 Εὐριπίδης,

278 2775 413 2860 Ἀχαῖος
445 2778 503 2846 καὶ
531 2778 637 2869 ἕτεροι
659 2779 773 2868 μυρίοι
805 2779 903 2850 νὲοι“.
951 2785 1056 2864 Atque
1088 2785 1163 2845 haee
1194 2785 1290 2843 rerba
1311 2780 1413 2841 nescio
1437 2799 1475 2840 an

277 2891 408 2953 Ioannes
423 2891 518 2953 frater
535 2887 614 2976 περὶ
639 2887 803 2978 διαφορᾶς
824 2913 854 2974 p.
875 2895 938 2954 337
959 2889 1056 2954 Cram.
1079 2890 1111 2951 in
1133 2888 1293 2970 angustius
1316 2889 1475 2950 contraxe-

278 2997 328 3062 rit.
374 2997 536 3082 Praecepit
558 2999 651 3061 enim:

485 3209 702 3299 ,Τραγῳδίας
723 3206 872 3295 μάνθανε
895 3205 971 3288 τοὺς
994 3202 1217 3287 διδασκάλους

491 3317 629 3398 Θέσπιν,
655 3310 825 3406 Φρύνιχον,
848 3309 1032 3398 Αἰσχύλον,
1056 3314 1238 3405 Σοφοκλέα,

489 3420 632 3506 ὕστατος
654 3419 754 3503 αὐτὸς
775 3417 961 3514 Εὐριπίδης
983 3416 1215 3514 Μνησάρχου“.
1239 3464 1281 3474 -

276 3607 489 3616 ——------

345 3673 380 3743 ²⁴)
400 3673 433 3729 cf.
454 3672 539 3729 Cicer.
559 3674 592 3727 de
611 3677 677 3728 orat.
697 3674 749 3740 III,
769 3675 794 3740 7,
815 3674 862 3740 27;
881 3672 992 3744 Dionys.
1010 3672 1073 3727 Hal.
1092 3688 1118 3741 p.
1136 3672 1189 3726 422
1208 3686 1264 3750 sqq.
1275 3670 1321 3735 R.;
1340 3668 1474 3722 Velleium
1518 3655 1519 3658 ¹

273 3763 378 3819 Patare.
398 3763 420 3828 1,
443 3763 487 3827 16;
508 3760 620 3826 Quintil.
640 3763 657 3816 l.
669 3763 687 3818 l,
707 3764 730 3829 ἕ.
751 3763 785 3816 66
804 3779 877 3831 sqq.;
906 3762 979 3815 Plut.
1004 3762 1037 3815 de
1056 3762 1124 3828 glor.
1142 3759 1240 3814 Athen.
1261 3776 1283 3813 c.
1303 3760 1332 3823 53
1360 3756 1472 3814 Aristid.

275 3856 343 3907 orat.
363 3853 397 3907 50
416 3867 441 3920 p.
461 3851 513 3903 559
522 3849 616 3913 Dind.;
636 3849 761 3918 Melamp.
781 3851 982 3920 scholDionys.
998 3849 1060 3903 Thr.
1079 3849 1121 3904 l.l.
1141 3864 1167 3916 p.
1187 3845 1473 3912 746310ann.rzetz.

274 3940 308 3996 ad
326 3939 436 3994 Hesiod.
456 3955 480 4007 p.
501 3938 535 3992 14
555 3937 639 3992 Gaisf.

344 4029 379 4099 ⁸⁶)
398 4027 591 4097 significantur
620 4026 645 4079 ei
671 4025 774 4079 indices
801 4027 974 4093 tragicorum,
1000 4029 1032 4078 nt
1056 4026 1122 4079 mihi
1140 4025 1253 4092 videtur,
1274 4025 1345 4096 apud
1363 4023 1473 4080 Snidam

273 4139 294 4175 s.
313 4139 337 4176 v.
368 4117 472 4176 Θέσπις·
499 4113 645 4187 ,τραγικός
672 4112 859 4172 ἑκκαιδέκατος
885 4112 941 4165 α’πδ
958 4117 1009 4165 τοῦ
1025 4111 1134 4185 πρώτου
1152 4115 1305 4186 γενομένου
1322 4114 1475 4188 τραγῳδιο-

275 4213 355 4260 ποιοῦ
379 4205 531 4277 Ἐπιγένους
558 4209 609 4258 rori
637 4207 782 4256 Σικυωνίου
810 4202 962 4274 τιθέμενος,
981 4201 1018 4263 ιδς
1037 4201 1068 4254 δέ
1086 4219 1157 4264 τινες
1176 4201 1301 4275 δεύτερος
1318 4203 1390 4276 perr?
1406 4202 1473 4256 Ἐπι-

272 4297 382 4376 ytvpvf‘
