3386 4986
790 320 1006 378 „50-

300 501 464 598 ῥητόρων(
496 511 546 593 (cf.
576 509 784 572 Burekberdti
816 510 937 574 dissert
969 511 1008 572 de
1031 507 1143 574 aneil.
1172 509 1265 576 Rhet.
1292 514 1398 594 fragm.
1422 539 1450 600 p.
1476 523 1498 579 0

300 623 386 700 sqq.).
425 617 501 680 Cum
523 621 625 678 autem
645 614 804 692 Caecilius,
828 617 913 678 cuius
935 616 1081 678 iudicium
1104 619 1185 699 apud
1207 623 1346 700 posteros
1367 624 1495 686 multum

299 726 399 789 valuit
420 725 471 805 (01.
496 722 828 785 Βο001111001110011.
851 745 881 804 p.
906 723 969 803 10),
993 723 1059 786 sive
1082 744 1136 786 suc
1160 726 1284 789 consilio
1307 733 1408 791 motus
1430 730 1496 792 sive

300 834 350 896 alii
387 830 532 910 magistro
570 829 690 909 aequali
728 848 869 892 assensus
909 832 1014 892 decem
1047 835 1181 893 oratores
1203 851 1222 893 a
1244 834 1371 914 reliquis
1394 857 1494 917 segre·

299 941 410 1022 gasset,
442 936 491 998 hie
523 955 669 998 numerus
696 936 1312 1018 1011001000000000101100111133)
1357 942 1494 1006 Alexan-

299 1045 365 1108 dria
386 1063 460 1106 vero
484 1063 554 1104 eum
575 1042 704 1105 Romam
726 1045 862 1106 delatum
885 1063 954 1104 esse
976 1063 1076 1122 neque
1099 1044 1246 1106 traditum
1269 1055 1439 1130 estusque
1461 1056 1501 1112 ut

298 1150 494 1233 suspicemur,
526 1150 620 1212 ullius
651 1169 759 1213 causae
790 1151 897 1212 umbra
928 1150 1040 1222 dantur
1072 1169 1172 1212 ansae.
1228 1153 1272 1214 At
1304 1175 1358 1216 eur
1389 1158 1494 1220 10000

298 1257 486 1341 potissimum
504 1261 639 1322 oratores
661 1255 780 1338 probati
803 1255 874 1331 sint,
896 1276 952 1318 nos
974 1257 1007 1318 in
1029 1256 1145 1320 incerto
1168 1257 1368 1338 relinquimus
1391 1263 1499 1344 eisque

298 1367 336 1428 ab
369 1363 601 1444 cogitationibus
633 1361 746 1422 animos
768 1362 878 1422 abduci
901 1364 1060 1426 malumus.
1106 1362 1230 1424 Etenim
1252 1365 1493 1452 1100111110.

298 1469 422 1550 CXIII)
463 1469 646 1532 sententiam
685 1465 821 1528 Meierus
852 1468 910 1530 11.
943 1491 974 1552 p.
999 1474 1062 1534 126
1086 1473 1171 1532 reete
1194 1473 1308 1536 refellit
1330 1479 1362 1536 et
1384 1475 1494 1538 Meieri

298 1578 467 1660 opinionem
489 1574 720 1638 Burekhardtus
742 1573 802 1636 1.1,
826 1594 856 1654 p.
881 1578 920 1638 11
950 1575 1150 1657 impugnavit.
1198 1576 1362 1642 Caecilium
1385 1585 1424 1644 ad
1447 1603 1493 1646 eo·

297 1689 343 1748 las
373 1683 518 1748 historiae
549 1682 635 1758 leges
667 1679 881 1760 respicientem
904 1701 965 1756 eos,
988 1683 1041 1762 qui
1064 1687 1130 1745 tum
1153 1686 1277 1767 plurimi
1300 1689 1492 1751 aestimaren-

258 1809 259 1814 ’
297 1797 356 1868 tur,
388 1790 508 1854 Atticos
546 1793 680 1850 oratores
712 1787 844 1866 elegisse
876 1788 925 1850 1110
957 1790 1122 1852 arbitratus
1154 1799 1210 1859 001.
1258 1794 1319 1857 Sed
1350 1796 1402 1858 alii
1426 1797 1492 1858 aliis

238 1959 242 1966 ,
297 1895 477 1960 coniecturis
507 1894 633 1956 fortasse
665 1895 905 1972 augurabantur.
952 1895 1043 1965 Quod
1066 1916 1140 1958 vero
1163 1903 1331 1963 tenendum
1354 1907 1410 1979 est,
1432 1904 1492 1964 iam

297 2023 389 2086 snpra
428 2021 496 2064 eum
533 2001 572 2060 de
612 1999 717 2080 lyricis
748 2001 846 2081 poetis
877 2001 1111 2083 disputaremus
1144 2009 1343 2084 cognovimus
1365 2030 1491 2071 numero

297 2109 420 2174 denario
451 2112 603 2186 tamquam
631 2127 756 2170 numero
789 2127 875 2172 sacro
907 2108 946 2170 sd
984 2109 1105 2172 ordines
1144 2112 1333 2176 deliniendos
1369 2120 1494 2178 veteres

276 2237 366 2282 usos
406 2234 483 2276 esse.
536 2213 759 2276 Posteriorihus
792 2220 895 2278 00100
927 2217 1115 2299 temporibus
1148 2219 1240 2288 etiam
1271 2222 1398 2284 aiteram
1439 2224 1490 2283 de·

296 2325 400 2388 eadem
434 2341 451 2381 e
477 2319 654 2382 recentioris
687 2321 756 2382 aevi
779 2322 953 2384 rhetoribus
976 2326 1041 2385 sive
1066 2326 1209 2405 sophistis
1231 2329 1398 2390 contectam
1421 2349 1494 2390 0000

294 2479 503 2492 mua—-..0-

365 2566 399 2632 ⁸⁸)
416 2564 459 2618 An
487 2565 618 2634 Didymus
643 2569 845 2619 commentarios
873 2569 1028 2632 rhetoricos,
1055 2585 1166 2635 quorum
1195 2570 1313 2626 decimus
1331 2575 1399 2626 liber
1418 2574 1488 2641 apud

294 2655 464 2712 Ammonium
482 2652 515 2706 de
533 2653 588 2708 diff.
607 2669 663 2708 voc.
681 2669 707 2720 p.
727 2653 864 2708 0801101.
884 2653 1147 2723 0110101011ομ0
1166 2655 1318 2730 ἑνδεκάτῳ
1337 2660 1490 2729 ῥητορικῶν

294 2739 534 2812 ὑπομνημάτωνίί),
562 2742 591 2796 10
622 2741 749 2794 decadem
778 2745 913 2794 oratorum
940 2743 1124 2810 quadrarent,
1155 2744 1270 2798 maxime
1299 2748 1409 2800 dubium
1436 2749 1486 2798 001.

295 2831 363 2888 Cum
390 2831 461 2884 0010
490 2831 533 2884 illi
557 2829 739 2884 commentarii
770 2830 804 2883 eh
831 2831 878 2896 eis,
905 2847 970 2900 quos
988 2831 1121 2902 Didymus
1140 2833 1169 2886 in
1187 2833 1394 2886 Demosthenem
1412 2837 1440 2886 et
1457 2832 1486 2884 in

293 2919 454 2975 Aeschinem
479 2924 507 2973 01
530 2921 560 2972 10
584 2917 748 2988 Hyperidem
773 2920 846 2972 0110
864 2919 970 2974 Isaeum
989 2920 1155 2989 conscripsit,
1174 2921 1256 2991 alieni
1274 2939 1327 2976 non
1345 2921 1487 2975 videantur

294 3023 379 3076 neque
407 3007 520 3062 aliorum
545 3007 678 3062 orationes
697 3011 803 3077 practer
820 3009 881 3063 illos
900 3013 1027 3078 quattuor
1045 3012 1163 3062 oratores
1182 3009 1327 3080 Didymum
1348 3026 1486 3063 enarrasse

293 3097 399 3163 probari
425 3097 510 3166 possit
532 3096 577 3167 (01.
602 3096 788 3160 8000111100,
814 3097 921 3165 Didym.
941 3097 1038 3164 fragm.
1057 3113 1083 3164 p.
1103 3099 1156 3151 310
1175 3097 1252 3166 sqq),
1272 3099 1360 3166 opinio
1377 3098 1428 3150 ille
1444 3097 1485 3149 10·

293 3186 442 3242 certissima
460 3189 508 3242 est

365 3274 497 3330 Continuo
523 3291 586 3330 vero
614 3273 715 3330 Caecili
742 3290 869 3330 canonem
898 3275 932 3327 ab
959 3275 1082 3328 omnibus
1107 3291 1160 3328 000
1179 3292 1236 3328 esse
1255 3277 1386 3330 sancitum
1406 3291 1437 3327 ex
1456 3290 1488 3328 ec

293 3363 398 3434 colligo,
426 3365 497 3434 quod
524 3380 610 3434 neque
637 3363 744 3416 Tacitus
764 3364 862 3431 dialog.
882 3363 914 3417 10
933 3369 999 3419 orat.
1018 3380 1040 3420 c.
1060 3365 1102 3428 25,
1124 3367 1157 3418 10
1176 3381 1260 3433 neque
1279 3364 1384 3418 Plinius
1409 3363 1488 3430 epist.

291 3451 313 3517 1,
334 3451 375 3517 20,
404 3453 422 3505 4
447 3454 480 3506 (10
508 3451 605 3506 decede
630 3453 711 3505 verba
728 3451 840 3506 faciunt.
879 3450 981 3516 Quibus
1000 3452 1065 3505 10010
1085 3468 1131 3505 00
1150 3469 1210 3506 000
1227 3443 1413 3522 praeterirent,
1433 3466 1486 3503 non

291 3540 433 3605 habebant,
461 3541 484 3594 01
508 3541 639 3595 100100
659 3543 716 3595 0100
734 3541 832 3595 notitia
850 3541 964 3609 vulgata
982 3545 1048 3596 erat.
1086 3541 1147 3610 lpse
1168 3541 1351 3606 Quintilianus
1371 3539 1430 3594 libr.
1450 3539 1483 3603 X,

294 3631 318 3695 l,
339 3630 372 3684 76
391 3645 457 3698 sqq,
486 3630 533 3698 qui
551 3630 626 3683 illins
644 3631 807 3684 mentionem
825 3631 921 3684 iniecit
938 3629 983 3699 (cf.
1004 3630 1142 3699 „sequitur
1160 3636 1296 3684 oratorum
1314 3629 1410 3694 ingens
1429 3643 1485 3680 ma·

291 3733 350 3781 uns,
375 3720 407 3772 ut
433 3734 494 3770 cum
521 3717 611 3772 decem
636 3719 716 3774 simul
742 3717 857 3773 Athenis
882 3723 956 3772 aetas
984 3736 1038 3772 una
1056 3720 1188 3785 tulerit“),
1208 3717 1241 3770 de
1259 3715 1440 3769 Demosthene
1459 3720 1487 3768 01

291 3806 421 3861 Aeschine
447 3807 475 3860 et
492 3804 628 3873 Hyperide
648 3812 676 3860 01
693 3807 776 3875 Lysia
793 3811 821 3860 et
838 3809 957 3862 Isocrate
977 3808 1076 3862 diserte
1095 3806 1253 3872 disputavit,
1273 3808 1422 3858 ceterorum
1440 3820 1487 3858 no·

291 3896 365 3950 mine
382 3894 479 3956 omisit,
498 3895 607 3948 uberius
626 3892 658 3946 de
676 3895 813 3950 Demetrio
831 3895 962 3948 Phalereo
981 3895 1110 3962 exposuit.
1147 3892 1236 3960 Atque
1255 3894 1307 3946 0110
1325 3894 1383 3947 1000
1403 3891 1486 3958 Quin-

292 3983 403 4038 tilianus
422 3982 495 4051 (XII,
514 3982 556 4046 10,
574 3983 619 4049 20)
638 3982 708 4036 inter
726 3982 831 4037 Atticos
851 3981 966 4037 Coccum
985 3985 1013 4034 01
1030 3980 1242 4049 Aristogitonem
1261 3998 1416 4036 enumerare
1434 3999 1488 4036 non

293 4072 428 4126 dubitavit
444 4071 661 4141 Dinarchnmque
690 4085 800 4140 prorsus
824 4071 934 4138 reliquit
952 4069 1032 4122 etde
1050 4069 1152 4123 Atticis
1171 4070 1211 4122 ita
1230 4069 1367 4136 disseruit,
1386 4075 1489 4139 utque

292 4175 386 4217 norme
411 4175 545 4225 numerus,
571 4175 650 4229 quem
667 4159 753 4228 priore
771 4160 829 4214 loco
847 4160 945 4214 0100
964 4159 993 4210 in
1010 4157 1118 4230 modum
1139 4163 1396 4224 commemoraverat,
1417 4159 1487 4227 opti·

292 4265 395 4308 meram
421 4252 555 4308 oratorum
572 4247 723 4304 Atticorum
751 4248 911 4306 constitutus
940 4250 1021 4312 esset,
1050 4264 1111 4302 eum
1140 4248 1253 4302 oblitum
1273 4265 1329 4302 esse
1353 4253 1488 4316 putemus.
