3386 4986
293 3598 407 3660 habuit

164 3711 165 3714 ’
384 3707 443 3768 Sed
458 3704 598 3768 Woweri
620 3677 809 3769 sententiam
826 3712 861 3770 ut
884 3728 939 3770 nos
961 3726 1132 3787 sequamur,
1154 3706 1220 3785 ipso
1239 3701 1291 3762 illo
1310 3695 1491 3769 Quintiliani

295 3815 361 3876 looo
384 3813 439 3894 (X,
465 3817 493 3890 1,
519 3815 573 3894 74)
596 3813 837 3890 ‚,Philistus....
862 3816 1026 3880 turbae...
1050 3821 1205 3873 suetorum
1229 3808 1409 3880 eximatur&
1432 3823 1490 3883 quo

294 3922 360 3984 looo
384 3919 556 3997 „eximere“
580 3925 628 3982 est
651 3921 854 4003 „amplissimo
877 3923 991 3983 honore
1009 3921 1143 3993 ornare“,
1166 3936 1226 3978 non
1249 3932 1409 3996 possumus
1432 3929 1491 3973 non

774 303 992 380 ..18-

287 499 442 560 eximere“
466 499 546 560 idem
570 501 651 559 esset
673 501 766 578 atque
794 518 853 573 „ex
876 496 1018 559 inferiore
1041 497 1106 560 loeo
1129 497 1162 558 in
1185 497 1371 579 superiorem
1395 497 1483 560 resti·

287 610 402 681 tuere“,
425 605 628 667 Ruhnkenius
659 604 840 684 gravissime
866 604 1063 686 vituperavit.
1109 602 1172 666 Sed
1194 603 1276 666 illius
1300 605 1484 668 sententiam

288 733 357 774 essa
380 731 557 795 perversam
579 715 615 772 ut
637 731 755 791 negem,
778 731 891 790 graves
913 731 1021 774 oausae
1045 731 1094 772 me
1116 712 1287 794 impellunt.
1322 711 1484 782 Quintilia-

287 840 345 882 nus
370 819 449 881 enim
473 818 532 890 alio
564 818 630 880 looo
663 816 717 903 (X,
744 823 772 896 1,
798 819 852 898 74)
883 819 915 879 in
937 819 1060 882 laudam
1082 819 1157 882 haao
1180 819 1277 882 dixit:
1319 819 1485 895 „Philistus

287 945 408 1008 quoque
439 928 583 1001 meretur,
615 925 667 1006 qui
701 927 809 987 turbae
833 925 971 1006 quamvis
993 927 1140 988 bonorum
1163 929 1232 1008 post
1255 946 1306 987 eos
1329 931 1485 989 auctorum

288 1033 500 1096 eximatur‘t
547 1031 664 1093 Deinde
698 1034 779 1113 apud
813 1034 976 1115 scriptores
1004 1033 1172 1106 latinitatis,
1195 1052 1272 1113 quae
1295 1033 1417 1108 dieitur,
1440 1051 1485 1094 ar·

288 1144 420 1220 genteae
451 1139 500 1216 „in
534 1139 671 1201 ordinem
703 1140 863 1219 redigere“
894 1139 984 1214 idem,
1017 1141 1097 1219 quod
1125 1140 1175 1216 „in
1199 1140 1334 1203 ordinem
1358 1144 1485 1219 eogere“

289 1249 307 1309 i.
332 1267 357 1309 e.
391 1247 441 1325 „in
473 1246 609 1309 ordinem
642 1246 852 1326 gregariorum
875 1246 1006 1308 militum
1030 1251 1168 1325 eogere“,
1190 1247 1271 1308 haud
1294 1264 1362 1308 raro
1385 1248 1482 1310 valet:

290 1354 466 1437 exemplum
489 1353 570 1435 apud
594 1351 772 1415 Suetonium
796 1354 891 1416 habes
906 1355 963 1416 hoo
986 1353 1053 1434 (vit.
1065 1353 1242 1435 Vespasisn.
1267 1358 1363 1433 o.15)
1390 1355 1485 1432 „Hel-

273 1461 372 1523 -vidio
405 1460 508 1524 Prisoo
533 1458 763 1542 [Vespasianus]
787 1481 848 1522 non
871 1467 942 1523 ante
966 1461 1147 1537 suoeansuit,
1171 1481 1260 1541 quam
1284 1462 1485 1525 altercationi-

289 1571 348 1630 bus
379 1566 625 1630 insolentissimis
658 1585 757 1648 paene
774 1569 820 1629 -in
853 1569 989 1631 ordinem
1022 1571 1182 1630 redaotus“
1205 1568 1340 1650 itemque
1363 1569 1397 1634 L.
1421 1569 1483 1631 An-

289 1695 383 1738 naeus
407 1673 522 1736 Seneoa
545 1676 656 1736 oonsol.
681 1676 720 1737 ad
742 1675 835 1737 Helv.
859 1679 946 1738 matr.
970 1675 1092 1752 XHI,3
1116 1674 1284 1754 „Soorates
1307 1677 1357 1753 ait,
1381 1678 1486 1738 eodem

289 1783 343 1844 illo
374 1781 461 1845 voltu
494 1802 553 1861 quo
577 1781 703 1861 triginta
726 1787 874 1863 tyrannos
898 1783 980 1845 solus
1004 1782 1165 1863 aliquando
1187 1783 1219 1844 in
1242 1783 1379 1846 ordinem
1401 1786 1486 1846 rede·

288 1893 386 1970 gerat,
424 1907 586 1952 oaroerem-
616 1888 761 1951 intravit“
802 1909 902 1969 neque
943 1888 1032 1952 aliter
1064 1889 1213 1972 explioari
1250 1895 1377 1972 possunt
1409 1891 1486 1952 Plini

288 1995 390 2078 (epist.
415 2002 445 2071 2,
470 2002 499 2073 6,
524 1999 556 2074 5)
588 1997 684 2058 verba
717 1995 808 2075 „gula
839 1996 1040 2078 reprimenda,
1073 1997 1147 2077 gula
1178 1996 1264 2077 quasi
1297 1996 1328 2056 in
1351 1997 1486 2058 ordinem

289 2102 458 2184 redigenda
500 2107 574 2166 est“.
639 2101 688 2164 Sio
721 2102 895 2164 Priscianus
932 2104 1076 2166 institutt.
1113 2123 1237 2184 gramm.
1270 2101 1338 2164 libr.
1357 2101 1485 2164 'XVIII

288 2209 426 2292 (gramm.
448 2211 515 2274 latt.
538 2212 600 2274 vol.
624 2202 728 2293 111'p.
754 2215 817 2274 293
841 2210 935 2292 Keil.)
966 2211 1036 2274 Livi
1059 2212 1182 2292 quidem
1204 2213 1303 2273 looum
1325 2209 1399 2270 falso
1423 2209 1484 2268 lau-

290 2320 375 2393 dans,
408 2319 463 2380 sod
491 2322 576 2382 reote
599 2338 725 2381 monens
748 2319 787 2380 de
810 2338 844 2380 re
868 2319 1016 2402 explieat:
1040 2320 1089 2396 „in
1112 2319 1247 2381 ordinem
1265 2318 1406 2380 redactus
1429 2320 1485 2389 est,

289 2426 346 2486 hoo
379 2429 426 2486 ast
457 2426 539 2487 inter
570 2425 650 2485 viles
683 2427 715 2486 et
746 2426 881 2488 abiectos
914 2431 1172 2492 oonnumeratus.“
1186 2424 1213 2510 9)
1268 2426 1379 2506 Itaque
1413 2422 1488 2485 nihil

292 2533 412 2594 obstare
434 2531 508 2593 mihi
531 2531 663 2605 videtur,
687 2532 846 2610 quominus
863 2532 1044 2602 Quintiliani
1059 2533 1160 2594 looum
1183 2552 1252 2593 eum
1266 2532 1424 2594 Wowerio
1446 2531 1489 2592 ita

290 2640 537 2722 interpretemur,
560 2637 649 2698 utin
671 2637 776 2698 verbis
799 2637 849 2713 „in
872 2638 1009 2699 ordinem
1031 2639 1192 2716 redigere“
1215 2637 1397 2698 sententiam
1420 2655 1487 2696 oon·

292 2747 484 2810 tumeliosam
506 2745 615 2819 inesse,
637 2743 742 2804 verbis
764 2741 1028 2818 autem*„numero
1051 2743 1205 2805 eximere“
1230 2758 1360 2802 summas
1382 2739 1489 2799 laudes

290 2854 389 2918 notari
412 2853 636 2932 intellegamus.
701 2919 703 2924 ,

382 2961 445 3022 Alii
469 2958 677 3042 explicationi,
709 2977 788 3038 quae
812 2978 829 3017 a
852 2957 1067 3038 probabilitate
1090 2976 1216 3038 prorsus
1239 2952 1340 3015 neseio
1365 2972 1404 3014 an
1428 2973 1487 3014 non
1603 2951 1605 2957 '

292 3067 493 3144 abhorruerit,
517 3065 712 3149 Spaldingius
747 3063 798 3146 (of.
822 3063 890 3125 adn.
915 3065 944 3125 h.
967 3060 1002 3146 l.)
1026 3083 1092 3125 sese
1115 3063 1167 3124 diu
1190 3079 1375 3146 propensum
1397 3059 1489 3122 fuisse
1525 3067 1527 3072 ’

294 3176 462 3257 profitetur.
509 3172 666 3235 Vooabulo
700 3173 779 3232 enim
811 3169 970 3247 „omnino“
993 3169 1086 3244 nisus,
1115 3189 1154 3230 an
1178 3169 1336 3249 „redigere
1358 3167 1390 3227 in
1414 3165 1490 3229 ordi-

294 3286 382 3342 nem“
416 3283 455 3342 de
479 3279 661 3344 oontum01ia
683 3277 889 3340 definiendum
912 3280 1002 3352 esset,
1026 3277 1149 3357 gravior
1171 3285 1274 3340 autem
1296 3271 1492 3358 praecedenti

296 3387 407 3448 iniuria
434 3389 648 3468 designaretur
669 3383 773 3446 verbis
796 3384 934 3461 „omnino
957 3404 1081 3447 numero
1105 3385 1269 3461 eximere“‚
1292 3403 1352 3446 non
1375 3385 1490 3444 temere

296 3493 492 3555 dubitaverat
522 3513 622 3572 neque
655 3511 709 3553 our
739 3492 770 3554 in
801 3491 968 3554 Ruhnkeni
1000 3497 1098 3556 eastra
1120 3495 1272 3567 transiret,
1296 3483 1491 3569 Spaldingius

368 4169 390 4240 ο)
410 4168 441 4227 or.
461 4168 533 4224 rest.
553 4185 579 4237 p.
601 4168 651 4222 182
669 4169 746 4223 uun
776 4165 966 4234 „brunnum
984 4165 1118 4220 nominem
1137 4163 1238 4234 Oppius
1257 4161 1297 4218 au
1314 4161 1367 4216 noi
1386 4160 1492 4214 sonuum
1545 4139 1547 4143 ’

296 4275 414 4314 scurram
432 4262 460 4312 et
477 4258 653 4331 improbum.“
