3386 4986
714 318 987 384 --39—v

224 511 283 574 litt.
307 511 434 590 graee.³
457 511 516 574 vol.
540 508 579 587 ll,
604 518 633 588 2,
656 533 685 593 p.
712 515 751 574 72
776 509 908 571 sensisse
931 508 1003 569 mihi
1027 507 1151 570 uidetur
1174 529 1242 568 cnm
1266 507 1421 570 enuntiat:

224 619 352 696 „Dieser
367 617 544 698 figuerliche
559 617 640 680 Titel
655 621 798 681 verraeth
808 619 895 678 mehr
909 618 998 678 einen
1011 617 1313 698 epigrammatisohen
1328 615 1422 690 Wita,

224 728 271 788 als
303 728 364 788 den
388 727 595 805 nuechternen
620 725 783 790 Gebraueh
816 727 871 786 der
894 725 1130 801 Grammatiker,
1165 725 1228 784 und
1251 723 1327 784 weit
1350 723 1423 782 cher

225 834 358 914 bagreift
381 852 459 910 man,
483 834 553 894 dass
578 833 627 894 ein
651 833 880 912 ehrsueohtiges
896 833 1041 894 Zeitalter
1064 833 1118 892 das
1134 827 1423 892 Zusammentreffen

228 941 650 1004 mehererBuehnendichter
673 942 718 1002 als
741 941 830 1002 einen
853 939 1044 1021 Lichtpunkt
1065 939 1290 1000 bezeichnete.“
1335 933 1424 995 111111-

229 1068 278 1110 me
318 1069 391 1110 uero
430 1067 448 1110 a
489 1047 600 1109 scholis
637 1027 851 1129 Aristophanis
892 1046 1137 1126 Aristarchique,
1181 1045 1232 1126 qni
1270 1043 1422 1104 neminem

229 1155 275 1216 sui
307 1154 449 1236 temporis
480 1156 513 1216 in
545 1175 706 1216 numerum
744 1159 937 1236 receperunt,
975 1151 1124 1236 proficisci
1162 1143 1282 1224 πλειὰς
1314 1149 1423 1231 potuit.

230 1261 274 1325 At
313 1263 383 1342 quia
419 1262 526 1326 Strabo
559 1263 640 1324 XIV
672 1285 703 1345 p.
740 1267 802 1325 675
836 1264 915 1324 hanc
948 1259 1183 1344 appellationem
1224 1258 1324 1334 novit,
1365 1257 1424 1318 ianr

229 1373 299 1432 ante
330 1369 416 1432 illum
448 1391 489 1432 ex
524 1371 622 1454 pce'tis
653 1371 701 1432 his
733 1370 856 1450 tragicis
888 1369 946 1455 τῆς
979 1361 1128 1450 δευτέρας
1160 1355 1297 1444 τάξεως,
1335 1384 1424 1444 quam

229 1477 279 1558 qui
312 1477 469 1540 historiam
501 1478 671 1542 litterarum
696 1476 883 1540 Graecarum
906 1477 1148 1558 composuerunt,
1172 1473 1280 1556 priscis
1303 1471 1426 1551 tragicis

227 1585 292 1646 sine
326 1585 419 1646 dubio
451 1591 645 1668 opponerent,
669 1605 721 1648 eas
745 1586 930 1668 „'heptades“
953 1583 1104 1644 confectas
1128 1601 1194 1642 esse
1218 1579 1356 1642 omnibus
1379 1583 1427 1642 est

227 1691 431 1775 perspicuum.
482 1692 630 1763 Quocirca
668 1713 707 1754 ne
738 1693 906 1774 lyricorum
945 1709 1065 1770 quoque
1097 1708 1238 1750 numeros
1270 1687 1425 1767 aliquanto

228 1803 300 1861 ante
334 1796 555 1867 Quintilianum
587 1801 767 1864 const'tutos
791 1821 859 1861 esse
883 1803 915 1862 et
936 1799 980 1860 ita
1003 1797 1134 1876 quidem,
1157 1799 1192 1858 ut
1215 1813 1233 1854 a
1255 1794 1426 1874 grammati-
1484 1821 1488 1866 j

130 1959 134 1966 .
222 1905 274 1976 eis
296 1904 516 1968 Alexandrinis
540 1907 631 1969 alieni
654 1908 786 1970 habendi
810 1907 878 1983 sint,
912 1926 966 1967 nos
989 1903 1179 1979 arbitremur,
1208 1903 1284 1962 nihil
1306 1904 1427 1963 obstare

228 2011 360 2090 videtur,
387 2013 569 2096 praesertim
601 2035 669 2076 cum
692 2021 793 2078 aetate
816 2013 925 2079 Aureli
949 2011 1039 2094 Opill,
1064 2011 1115 2092 qui
1138 2009 1290 2072 Rutilium
1313 2009 1427 2070 Rufum

229 2121 317 2198 (anno
340 2141 370 2184 u.
396 2125 458 2186 661
485 2122 521 2184 cf.
546 2122 645 2200 Langi
667 2122 820 2201 antiquitt.
843 2122 930 2183 Rom.
954 2121 1014 2182 vol.
1038 2118 1133 2194 111,1
1160 2139 1188 2198 p.
1214 2121 1253 2178 91
1279 2114 1336 2197 sq.)
1360 2136 1427 2178 con-

227 2227 404 2288 demnatum
435 2228 468 2286 in
490 2227 596 2288 Asiam
625 2232 747 2289 secutus
771 2228 889 2302 111111,
915 2227 997 2288 Suet.
1022 2245 1146 2305 gramm.
1172 2221 1214 2308 6),
1237 2224 1304 2306 ipsa
1326 2223 1428 2284 Musa·

227 2353 296 2392 rum
325 2333 530 2412 appellatione
553 2333 729 2412 nugatorias
751 2332 964 2413 inscriptiones
986 2338 1148 2414 usurpatas
1172 2351 1238 2394 esse
1262 2349 1353 2412 supra
1376 2331 1427 2411 (cf.

229 2438 298 2500 adn.
323 2440 377 2514 22)
400 2437 713 2500 animadverterimus.
1195 2515 1197 2520 Ι

319 2543 385 2605 Iam
418 2565 494 2624 quos
525 2546 721 2626 tragicos
753 2545 830 2631 τῆς
861 2536 1039 2632 πρώτης
1071 2536 1292 2624 τάξεωςίη
1315 2565 1429 2608 canone

229 2650 452 2714 Alexandrino
476 2652 568 2714 fuisse
590 2653 795 2715 Ruhnkenius
828 2653 1059 2730 existimaverit,
1083 2653 1254 2732 inquiritur.
1302 2650 1429 2714 Secutus

228 2755 371 2817 nimirum
411 2759 534 2820 tabulae
576 2758 665 2824 Ooisl.
705 2759 744 2840 (ξ.
770 2752 789 2820 4
813 2790 855 2812 =
880 2763 939 2824 tab.
969 2760 1057 2824 Bodl.
1090 2759 1115 2840 ξ.
1140 2757 1218 2844 Xll)
1251 2760 1428 2841 scriptorem

228 2864 419 2927 enumeravit
455 2864 657 2948 Aeschylum,
691 2865 880 2948 Sophoclem,
904 2867 1092 2950 Euripidem,
1116 2868 1233 2944 Ionem,
1264 2867 1427 2929 Achaeum.

228 2969 289 3040 Qui
321 2971 469 3035 delectus·
496 2992 566 3034 cnm
593 2973 652 3034 nisi
675 2974 748 3034 inde
770 2973 802 3035 in
825 2983 1020 3056 conspectum
1043 2994 1103 3036 ncn
1127 2974 1240 3050 veniat,
1264 2994 1353 3053 quam
1376 2994 1427 3056 pa·

230 3095 298 3138 rum
335 3080 524 3141 consuluerit
560 3079 764 3142 Ruhnkenine
796 3081 941 3159 aequitat
975 3089 1008 3142 et
1035 3061 1247 3157 continentiae,
1270 3081 1359 3142 facile
1382 3086 1429 3143 est

231 3185 363 3262 cognitu.
388 3185 471 3256 Quid
485 3185 551 3248 ita?
576 3187 655 3257 Quia
669 3188 759 3249 huius
774 3207 905 3264 normae,
925 3207 1015 3268 quam
1029 3188 1060 3248 in
1075 3189 1188 3266 vulgus
1202 3187 1336 3249 valuisse
1359 3208 1428 3248 con-

230 3289 338 3367 tendit,
377 3312 416 3353 ne
453 3295 561 3356 umbra
593 3295 718 3375 quidem
749 3295 864 3376 captari
888 3298 997 3377 potest.
1045 3293 1158 3356 Contra
1181 3314 1199 3356 a
1221 3295 1340 3378 cunctis
1363 3296 1426 3356 fere

230 3397 437 3480 scriptoribus,
461 3402 711 3482 quandocumque
734 3402 787 3463 vel
809 3403 933 3482 legendi
957 3401 1169 3481 scribendique
1192 3409 1354 3486 praecepta
1378 3404 1427 3464 da-

229 3505 304 3567 bant
336 3505 389 3566 111
420 3507 696 3588 praestantissimos
724 3508 855 3588 tragicos
878 3529 1049 3592 proponere
1071 3509 1101 3570 in
1127 3511 1224 3573 animo
1249 3514 1323 3589 erat,
1346 3511 1427 3594 prin-

227 3703 441 3716 naumann—n—

229 3828 276 3878 ent
302 3825 478 3894 Apollonium
505 3831 534 3880 et
560 3826 709 3881 Philiscum
737 3832 765 3882 11
791 3829 937 3882 Homerum
956 3830 1090 3897 tragicum
1109 3835 1137 3884 et
1156 3831 1355 3899 Lycophroncru
1374 3846 1428 3883 una

146 3965 150 3975 ,
230 3911 346 3986 heptade
364 3915 602 3984 comprehenderet
620 3916 665 3986 (ef.
676 3917 758 3971 schol.
772 3918 801 3970 in
812 3918 921 3972 Theocr.
940 3935 964 3986 p.
985 3918 1123 3976 2Α1111111,
1145 3924 1172 3973 11
1189 3919 1314 3974 Eustath.
1334 3934 1426 3972 oomni.

231 3999 259 4052 in
282 4001 360 4058 Hem.
387 4002 482 4074 Odyss.
502 4008 527 4072 5,
553 4006 606 4061 272
633 4007 730 4060 tomI
755 4024 780 4076 p.
801 4007 853 4061 216
872 4008 966 4075 Dea).
1004 4007 1055 4062 Scd
1074 4009 1193 4063 Naeliius
1213 4009 1335 4075 „schedis
1354 4007 1426 4060 criti-

231 4089 286 4142 eis“
306 4079 349 4158 (cf.
370 4090 465 4162 Opusc.
485 4095 499 4148 I
517 4112 543 4164 p.
565 4096 578 4149 1
599 4094 667 4164 sqq.)
694 4094 790 4160 effecit,
810 4099 842 4148 ut
860 4100 888 4149 et
905 4097 956 4150 liae
975 4097 1092 4166 ineptiae
1113 4103 1139 4152 11
1158 4095 1249 4155 alardo
1267 4098 1427 4151 comicorum

230 4181 424 4247 commenticia,
450 4185 536 4252 quade
555 4184 694 4238 Fabricius
714 4184 777 4242 bibl.
798 4184 891 4240 Graec.
911 4187 962 4241 vol.
981 4187 1053 4256 Hp.
1073 4188 1125 4242 318
1145 4187 1221 4241 Harl.
1240 4189 1267 4240 11
1286 4187 1434 4254 Klippelus

230 4266 276 4323 l.l.
297 4267 350 4321 304
368 4269 511 4340 disserunt,
531 4273 611 4327 hodie
630 4274 807 4329 extabuerint.
