3386 4986
711 363 929 420 ...53-

221 571 275 614 suo
309 571 462 631 quemque
494 550 606 613 iudicio
629 553 669 613 de
692 551 861 629 virtutibus
884 552 1094 616 historicorum
1118 553 1312 635 disceptasse.
1358 551 1422 614 Nu·

220 677 339 719 merum
381 676 455 719 vero
492 657 705 721 historicorum
746 661 963 743 septenarium,
1003 659 1061 720 nisi
1096 677 1145 720 me
1176 659 1276 721 omnia
1302 659 1422 734 fallunt,

221 764 428 826 Ruhnkenius
450 764 516 846 ipse
539 785 580 826 ex
603 765 729 827 libidine
752 766 796 828 ita
817 767 917 843 finxit,
940 769 976 828 ut
998 767 1037 826 de
1060 765 1168 826 decem
1191 766 1316 827 tabulae
1331 763 1421 828 Ooisl.

222 871 396 934 nominibus
424 872 483 934 tria
506 891 585 951 quae
607 891 667 935 non
691 876 762 956 apta
784 873 974 948 viderentur,
997 869 1122 934 tolleret
1144 875 1237 952 atque
1261 891 1331 933 eum
1353 889 1422 953 scp-

222 984 285 1041 em
316 977 527 1040 mensorum
559 979 694 1041 ornnem
727 979 840 1042 nomini
873 977 1045 1041 Anserem
1077 981 1111 1039 ec
1142 977 1341 1061 Aristophani
1371 980 1422 1040 ae-
1539 959 1546 974 ‘

224 1085 349 1148 diecret.
414 1085 513 1156 Quam
555 1086 650 1166 igitur
690 1086 783 1148 dubia
824 1091 857 1149 et
898 1087 1016 1148 incerta
1055 1085 1222 1146 Ruhnkeni
1264 1084 1341 1146 fides
1383 1085 1423 1148 sit

222 1193 370 1268 habenda,
409 1196 549 1274 apertum
590 1197 646 1256 cst.
710 1193 933 1256 Historicorum
968 1197 1090 1268 eutem,
1129 1211 1258 1271 quorum
1297 1193 1422 1253 chorum

222 1295 449 1364 Alexandrinos
495 1299 678 1362 diiudicesse
724 1300 791 1360 veri
831 1300 933 1382 speeie
971 1299 1131 1380 quisquam
1169 1298 1225 1359 vix
1266 1298 1422 1360 confirma-

223 1405 312 1481 verit,
343 1406 430 1467 illum
462 1407 618 1468 delectum
649 1426 668 1468 a
700 1406 855 1487 plenisque
883 1407 1110 1488 comprobatum
1134 1425 1201 1466 esse
1224 1409 1294 1486 post
1315 1403 1422 1466 Ruhn-

221 1513 345 1575 kenium
369 1513 438 1593 quis
462 1517 510 1574 est
533 1511 607 1592 quin
630 1510 782 1574 miretur?
827 1512 937 1593 Neque
960 1511 1231 1593 wyttenbachius,
1254 1511 1303 1572 eui
1325 1510 1421 1590 Berg·

218 1639 348 1682 mannus
370 1619 497 1680 Ruhnk.
521 1636 623 1699 opusc.
646 1619 706 1679 vol.
730 1618 747 1678 I
771 1641 799 1700 p.
826 1623 888 1683 387
913 1621 982 1682 adn.
1002 1614 1038 1682 'ct
1052 1617 1205 1681 Matterns
1227 1617 1279 1680 l.l.
1304 1638 1332 1698 p.
1358 1619 1421 1678 139

219 1731 252 1788 et
284 1725 454 1788 Oreuuerus
486 1724 554 1786 libr.
595 1725 670 1801 „Die
696 1725 877 1788 historische
899 1725 1002 1787 Kunst
1025 1725 1081 1786 der
1104 1723 1276 1787 Griechen“
1309 1723 1357 1785 ed.
1380 1721 1421 1787 Π.

220 1853 250 1912 p.
276 1834 340 1894 174
364 1831 413 1912 (cl.
445 1849 474 1913 p.
508 1834 583 1910 304)
622 1831 734 1912 aliique
768 1833 883 1895 assensi
907 1836 987 1908 sunt,
1011 1852 1080 1894 cum
1101 1831 1134 1892 in
1156 1831 1221 1893 vita
1243 1830 1367 1892 Ruhnk.
1391 1850 1421 1911 p.

221 1940 285 1999 145
319 1937 348 1998 ei
380 1937 487 2001 canoni
509 1938 681 2014 Philistum,
705 1938 757 2018 qui
779 1939 811 2000 in
834 1940 941 2002 tabula
963 1937 1053 2001 Ooisl.
1076 1957 1131 2020 pro
1155 1936 1334 2019 ,‚Philippo“
1357 1935 1422 1997 sine

222 2042 313 2105 dubio
346 2044 578 2108 substituendus
601 2049 657 2122 est,
689 2050 721 2107 et
745 2044 934 2108 Clitarchum
957 2045 1147 2126 adiungeret,
1171 2042 1291 2106 efficere
1313 2041 1422 2124 potuit,

221 2153 257 2213 ut
286 2171 338 2212 res
365 2151 571 2214 adiuvaretur.
618 2150 789 2213 Schoellius
811 2156 915 2214 autem
938 2153 988 2216 l.l.
1014 2173 1042 2234 p.
1070 2156 1131 2214 107
1156 2151 1257 2212 minus
1279 2149 1365 2229 large
1387 2148 1422 2209 li-

222 2258 429 2338 beraliterque
451 2257 615 2319 Philistum
642 2258 803 2320 dumtaxat
826 2259 951 2320 addidit.
997 2256 1059 2319 Sed
1081 2257 1173 2321 latius
1195 2259 1272 2318 haee
1294 2255 1422 2338 perscri-

222 2366 296 2424 bere
321 2384 397 2444 opus
419 2384 481 2426 non
504 2369 560 2427 est.

312 2575 427 2639 Camoni
450 2578 510 2638 fine
533 2577 672 2659 imposito
695 2577 899 2638 Ruhnkenius
922 2577 997 2639 alios
1020 2577 1200 2660 scriptorum
1223 2577 1348 2653 indices,
1371 2575 1423 2656 qui

224 2681 256 2742 in
298 2684 403 2745 tabula
442 2682 531 2747 Ooisl.
571 2689 750 2765 sequuntur,
782 2684 921 2746 removit.
977 2683 1094 2746 Verum
1126 2690 1162 2747 ut
1184 2703 1279 2746 unum
1301 2680 1424 2744 afferam

223 2792 409 2873 exemplum,
433 2791 505 2872 quid
525 2797 597 2868 erat,
622 2811 676 2852 cur
695 2792 801 2852 eodem
824 2791 923 2866 modo,
947 2811 1006 2870 quo
1029 2791 1241 2854 historicorum
1263 2809 1422 2852 numerum

222 2896 387 2959 fabricatus
411 2903 466 2974 est,
494 2899 666 2980 aptissimos
688 2897 824 2958 medicos
847 2917 865 2958 e
888 2891 1028 2972 „trivam
1051 2897 1116 2959 τῶν
1140 2892 1174 2958 ἐν
1197 2890 1330 2982 ἰατρικῇ
1354 2893 1422 2957 δια-

224 2993 443 3086 πρεψάντωνίί
467 3005 541 3084 (tab.
566 3003 706 3082 (1018ἱῷΙ
733 3006 772 3065 17
799 3031 842 3054 =
866 3005 926 3066 tab.
950 3002 1037 3063 Bodl.
1070 3001 1095 3081 ξ.
1120 3003 1161 3085 V)
1186 3024 1245 3066 non
1269 2999 1422 3082 eligeret?
1459 3082 1463 3089 ⁵

226 3104 306 3168 Sane
337 3109 528 3172 Democritus
560 3119 592 3173 et
623 3111 828 3191 Hippocrates
860 3109 960 3172 idonei
984 3113 1079 3171 erant.
1126 3109 1252 3190 Atque
1275 3107 1423 3188 religione

224 3213 263 3273 ab
295 3233 330 3275 eo
363 3219 473 3277 conatu
505 3215 709 3277 Ruhnkenius
740 3217 882 3298 repulsus
913 3221 969 3293 est,
993 3216 1045 3276 alii
1068 3217 1205 3278 obstricti
1229 3237 1296 3278 esse
1319 3215 1423 3278 nolue-

223 3323 305 3383 runt.
351 3318 401 3382 Sic
423 3321 686 3402 Wyttenbaohius
717 3323 767 3385 l.l.
799 3345 828 3404 p.
864 3319 926 3386 146
951 3324 1000 3400 (ol.
1024 3345 1053 3404 p.
1080 3323 1166 3403 288),
1190 3322 1277 3383 cuius
1300 3325 1422 3384 senten-

224 3428 297 3490 tiam
325 3425 505 3504 Schoellius,
537 3427 757 3508 Bergmannus,
780 3430 932 3492 Matterus
955 3431 988 3496 ll.
1012 3430 1044 3492 ll.
1068 3431 1324 3512 approbaverunt,
1347 3424 1424 3512 phl-

222 3531 459 3618 losophorum
494 3555 618 3596 censum
641 3535 706 3615 egit
728 3541 820 3616 atque
842 3555 861 3598 a
883 3537 1088 3617 grammaticis
1110 3536 1333 3622 Alexandrinis
1355 3554 1423 3598 con·

135 3725 138 3731 .
177 3619 184 3630 ¹
223 3642 324 3704 tendit
346 3641 471 3704 maximi
494 3641 668 3703 aestimatos
691 3661 757 3703 esse
779 3643 947 3720 Platonem,
971 3644 1216 3725 Xenophontem,
1239 3641 1423 3704 Aeschinem

225 3837 277 3844 ——.

225 3940 332 4004 πίνακα,
358 3957 437 4008 quem
464 3943 559 3996 tabula
588 3942 668 3996 (loisl.
698 3943 804 4007 habeat,
833 3943 867 4010 (ς’.
887 3943 978 4011 XVII)
1008 3947 1122 4008 exstare,
1141 3943 1187 3996 sed
1207 3943 1287 3995 etiam
1307 3942 1423 3994 alterum

224 4023 353 4082 indissemss
382 4030 416 4096 (1·
435 4029 484 4096 IV)
521 4028 708 4094 »Θουκυδίὸηῶ
727 4029 874 4102 ‘flecteres
892 4032 960 4101 (sic),
982 4029 1126 4102 Ξενοφῶν,
1145 4027 1295 4098 dyptitios
1313 4026 1424 4099 ἀρχάγ-

224 4111 302 4182 γελος
332 4115 389 4184 (ubi
416 4116 560 4178 »Φίλιππος
588 4119 603 4169 ὁ
633 4118 814 4188 Θεαγγελεύςα
843 4121 957 4175 coniecit
992 4120 1143 4184 Cremerae,
1177 4118 1263 4188 quode
1291 4118 1422 4171 Miillerus

224 4202 321 4270 fragm·
350 4203 414 4258 hili
441 4221 481 4270 gl·
506 4207 556 4262 Vol.
574 4208 613 4260 IV
634 4209 729 4276 [1477
749 4209 902 4278 dubitavit),
924 4207 1096 4280 Δομετιανός,
1118 4205 1255 4276 Θεότιμος.
1275 4207 1424 4276 Στέφανος,

225 4289 343 4354 Murtigf‘
1440 4297 1442 4300 ·
