3386 4986
698 328 983 404 -sa-'

209 547 275 610 ooto
318 547 446 611 tantum
476 539 590 629 lyricos
622 539 828 616 enumeravit3
865 541 1009 619 quattuor
1043 535 1200 620 proposuit
1227 536 1407 622 epitomator

209 651 339 731 Dionysiv
360 672 388 732 p.
413 654 476 714 420
501 649 555 725 R.;
582 653 646 710 tres
669 645 756 726 quasi
779 646 969 730 exemplaris
991 647 1122 710 Ioannes
1147 645 1259 708 Tnetza
1282 647 1321 708 ad
1343 646 1406 706 He-

210 758 284 821 siod.
318 776 346 838 p.
372 762 412 821 13
447 755 550 836 elegit.
573 756 737 817 Praeterea
768 752 837 832 quis
865 773 969 815 eorum
992 754 1159 834 lyricorum
1182 752 1293 832 dignus
1317 757 1406 827 esset,

211 863 260 924 cui
291 863 390 946 palma
422 865 601 937 deferretur,
629 859 816 922 exstiterunt
839 860 1071 922 controversiae.
1117 861 1300 922 Plutarchus
1324 861 1404 921 enim

212 965 290 1054 περὶ
312 972 472 1057 μουσικῆς
495 991 519 1034 c.
545 974 585 1032 14
608 987 636 1050 p.
655 971 739 1031 1136
759 963 795 1028 B.
815 967 918 1029 docet:
942 959 1091 1052 „iocopei
1115 957 1132 1029 ὁ
1155 956 1320 1052 ἷίριστος
1342 987 1405 1046 με·

212 1075 285 1139 λῶν
316 1071 459 1164 ποιητὴς
491 1067 665 1156 Ἀλκμᾶν“,
697 1077 789 1154 atque
812 1093 994 1154 quamquam
1017 1075 1107 1156 paulo
1131 1081 1221 1138 autea
1243 1075 1406 1136 Pindarum

211 1185 377 1268 prinoipem
409 1184 538 1260 vocavit,
572 1189 673 1258 tamen
697 1181 904 1253 Quintilianus
927 1181 977 1244 l.l.
1002 1181 1028 1260 §.
1053 1187 1093 1244 64
1118 1183 1259 1246 coneedit
1282 1181 1406 1244 Simoni·

123 1269 125 1274 Ι
212 1293 280 1352 dem
312 1295 434 1376 propter
466 1290 532 1352 eius
563 1289 595 1350 in
627 1289 844 1351 commovenda
874 1289 1067 1350 miseratione
1099 1289 1246 1352 virtutem
1269 1289 1407 1352 omnibus

213 1397 318 1479 lyricis
350 1400 496 1478 quosdam
527 1395 720 1479 praetulisse.
764 1394 809 1456 At
840 1415 930 1476 quem
954 1397 1079 1458 taudem
1102 1417 1143 1457 ex
1166 1397 1332 1473 ordinibus,
1355 1395 1406 1476 qui

211 1505 301 1567 certis
319 1506 458 1568 terminis
477 1501 697 1583 circumscripti
720 1503 991 1583 pervulgabantur,
1014 1505 1053 1564 ad
1076 1504 1286 1566 auctoritatem
1309 1524 1406 1583 gram-

210 1611 387 1675 maticorum
410 1609 691 1672 Alexandrinorum
714 1609 907 1672 referendum
931 1632 999 1672 esse
1014 1609 1172 1693 opineris?
1199 1609 1406 1673 Novenarium

210 1698 327 1780 dixeris
359 1738 520 1779 numerum
552 1716 665 1800 quippe
698 1736 788 1795 quem
821 1716 1028 1788 Quintilianus
1062 1719 1174 1780 laudet.
1220 1717 1308 1780 Hanc
1331 1737 1404 1780 vero

209 1824 392 1886 sententiam
407 1824 459 1904 qui
473 1828 571 1887 ratam
588 1825 729 1900 habeant,
753 1843 792 1884 ne
815 1826 921 1905 procul
944 1845 961 1888 a
984 1846 1058 1888 vero
1081 1825 1298 1902 aberraverint,
1322 1825 1405 1906 equi·

210 1931 280 1991 dem
312 1951 430 2008 vereor,
463 1933 543 2011 quod
575 1930 732 1991 Musarum
756 1931 795 1991 ad
817 1951 976 1995 numerum
998 1932 1052 1993 ille
1076 1934 1316 1996 accommodatus
1339 1952 1406 1994 esse

211 2037 391 2117 ridetur.²¹)
436 2039 558 2102 Iudicat
598 2037 699 2098 nescio
732 2057 770 2098 an
802 2037 833 2098 id
866 2039 1029 2126 Antipater
1052 2039 1327 2102 Thessalonicensis
1358 2039 1406 2100 his

210 2145 350 2206 uersibus
373 2144 512 2230 (Anthol.
536 2143 632 2206 Palat.
657 2141 728 2218 Vll,
754 2144 821 2222 18);

424 2347 612 2437 „iil-apuliae
622 2403 725 2420 ......

477 2510 502 2526 ..
517 2449 572 2525 ,ὃν
593 2458 757 2525 Moestus
781 2455 864 2526 ἐννέ’
891 2454 1037 2551 ἀριθμὸς
1060 2459 1158 2547 ἔχετέ(

299 2675 407 2758 Neque
431 2697 489 2757 quo
513 2676 642 2759 po'e'trias
665 2697 775 2738 novem
797 2678 829 2739 iu
852 2699 946 2740 uuum
969 2683 1134 2746 conductas
1156 2685 1230 2748 item
1253 2706 1321 2747 cum
1337 2687 1404 2748 Mu-

102 2799 104 2806 ’
209 2781 250 2844 sis
273 2788 426 2864 comparat
441 2782 576 2862 (Anthcl.
593 2783 687 2846 Palat.
707 2783 766 2861 IX,
791 2786 855 2866 26),
870 2787 1026 2870 Antipatri
1045 2811 1166 2854 carmen
1184 2793 1315 2854 alienum
1340 2799 1403 2856 est:

315 2987 442 3074 ,,Ἐννεά
464 2992 525 3078 μὲν
547 2987 688 3072 Μούσας
709 2993 812 3080 μέγας
837 2989 990 3085 Οὐρανός·
1014 2998 1105 3066 ἒννέα
1129 2995 1159 3067 δ’
1183 2996 1285 3082 αὐτὰς

370 3105 457 3165 Γαῖα
479 3099 580 3180 τέκεν,
604 3105 745 3179 θνατοῖς
768 3094 916 3190 ἄφθιτον
938 3099 1168 3194 εὐφροσύναν.“

298 3315 364 3379 Hos
394 3337 467 3378 vero
499 3336 597 3396 nugas
619 3337 681 3382 non
703 3322 764 3382 tam
787 3321 827 3382 ad
849 3341 960 3386 munus
981 3326 1254 3406 grammaticorum,
1277 3329 1329 3409 qui
1351 3351 1401 3392 au-

209 3424 283 3489 steri
315 3424 452 3504 msgistri
484 3423 599 3486 ammos
629 3423 775 3490 iuvenum
806 3429 1003 3506 erudiverint
1035 3451 1124 3511 quam
1156 3436 1195 3496 ad
1219 3437 1402 3500 ludicrorum

206 3629 418 3642 ὴ--η-Φ-Ἀ

277 3763 314 3832 ²¹)
333 3763 404 3818 Satis
432 3763 538 3816 constet
564 3761 668 3815 veteres
694 3759 750 3815 eius
773 3761 856 3832 lusus,
876 3782 927 3836 quo
946 3784 988 3824 res
1006 3767 1138 3827 humanas
1156 3771 1256 3828 sanctis
1280 3773 1398 3846 appella·

208 3845 326 3908 tionibus
353 3854 396 3908 vel
424 3850 508 3904 sacris
532 3847 650 3902 numeris
669 3858 826 3908 exornarent
844 3861 872 3910 et
889 3841 1063 3928 celebrarent,
1082 3861 1166 3916 fuisse
1184 3864 1401 3920 studiosissimos.

208 3938 319 4008 Audias,
339 3959 446 4012 quaeso,
466 3962 535 4013 quac
555 3946 587 4000 de
605 3933 738 3992 Aeschine
757 3947 861 4000 oratore
879 3947 990 4004 Photius
1009 3951 1134 4012 biblioth.
1153 3953 1210 4007 cod.
1228 3953 1291 4008 LXI
1309 3955 1345 4024 (p.
1365 3955 1399 4008 20

210 4027 304 4098 Bskk.)
322 4033 418 4088 tradit:
445 4034 524 4098 ,,τοα“ς
549 4045 620 4110 τρεῖς
645 4021 739 4092 λόγους
763 4029 848 4086 αὐτοῦ
864 4053 936 4098 τινες
955 4037 1071 4112 Χάριτας
1089 4039 1238 4111 ω’νόματαν
1256 4039 1301 4094 δαὶ
1319 4059 1348 4094 τε
1367 4041 1399 4094 τό

208 4121 307 4186 χαρίεν
329 4125 379 4174 τοῦ
404 4122 485 4191 λόγου
509 4129 554 4178 καὶ
578 4125 628 4179 τόν
651 4122 774 4198 α’ριθμδν
792 4129 850 4177 ταῖν
869 4132 1001 4199 Χαρίτων,
1021 4130 1129 4189 Μούσας
1148 4129 1177 4182 δὲ
1195 4129 1242 4190 τας
1260 4129 1400 4189 inimi-ric

208 4204 255 4256 ota
274 4205 323 4268 nir
342 4209 465 4284 α’ριθμόν
483 4219 540 4268 ταῖν
559 4214 639 4268 ἐννέα
659 4220 800 4270 Μουσῶν.“
836 4215 967 4272 Similiter
985 4217 1134 4288 Sepphoris
1152 4236 1246 4274 novem
1265 4220 1308 4288 (of.
1324 4219 1398 4274 Suid.

207 4314 228 4356 s.
239 4297 265 4356 h.
277 4300 311 4367 v.)
326 4299 409 4357 libros
428 4305 579 4360 nominibus
598 4307 735 4366 Musarum
754 4310 858 4362 notator
877 4323 934 4362 esse
953 4313 1064 4378 apparet
1081 4326 1113 4362 ex
1131 4309 1218 4364 verbis
1235 4310 1308 4366 'l'nlli
1327 4310 1396 4366 Lau-
