3386 4986
780 367 822 378 ...
869 334 999 404 24,-

292 522 332 607 (Ι,
356 535 385 604 2,
411 533 451 592 13
477 529 543 609 aq),
566 527 770 590 eondioionem
790 528 904 590 habent
927 535 962 592 ut
986 525 1091 590 eadem
1114 551 1190 592 vooe
1212 532 1251 592 ad
1274 551 1386 592 omnes·
1402 531 1491 595 simul
1596 550 1602 568 ·
1674 478 1676 533 ί

297 636 539 716 perforatum...
564 633 835 698 Grammaticus
858 657 1004 716 quoque
1027 637 1056 697 si
1079 637 1122 698 de
1146 637 1323 718 loquendi
1346 639 1505 734 ratione.

295 742 470 818 disserat,
494 742 523 803 si
541 742 786 822 quaestiones
802 743 984 824 explicet,
999 742 1185 806 'historias
1208 739 1384 825 exponat,
1407 749 1492 826 po'e'·

292 853 390 911 mata
423 855 589 925 enarret,
622 852 667 912 tot
701 849 754 911 illa
787 850 915 927 discent,
938 857 1013 931 quot
1035 852 1188 913 audient.“
1234 851 1312 912 Tum
1334 855 1494 933 postquam

196 969 200 977 '
300 956 398 1036 eapite
430 957 521 1018 tertio
554 958 593 1018 de
626 957 839 1036 dignoscendis
870 976 1032 1039 puerorum
1055 957 1186 1036 ingeniis
1209 958 1363 1034 dissentit,
1386 977 1493 1034 „nnne,
1575 1025 1580 1036 ,

221 1117 222 1122 ,
298 1063 350 1138 ait,
382 1063 493 1142 quibua
525 1083 602 1145 puer
632 1063 838 1126 instituendus
870 1065 910 1127 sit
941 1063 1068 1141 artibus,
1101 1065 1152 1144 qui
1185 1065 1227 1126 sie
1259 1065 1437 1127 formabitur
1459 1070 1495 1126 ut

297 1170 364 1231 fieri
395 1170 491 1251 possit
523 1175 631 1246 orator,
665 1175 697 1232 et
730 1189 808 1250 quae
839 1172 871 1232 in
903 1191 1022 1252 quaque
1055 1176 1154 1234 aetate
1181 1171 1360 1249 inchoanda,
1393 1172 1494 1233 dieere

295 1277 468 1357 ingrediar‘
501 1277 542 1358 (Ι,
568 1284 597 1355 3,
623 1281 684 1356 18).
732 1279 818 1348 Quae
850 1279 946 1340 verba
975 1280 1002 1340 is
1034 1279 1076 1356 de
1106 1299 1164 1358 quo
1188 1279 1386 1360 disputamus,
1410 1279 1495 1340 loous
1603 1354 1607 1362 ,

296 1384 434 1464 sequitur
466 1385 506 1465 (Ι,
532 1389 561 1462 4,
587 1391 604 1446 1
629 1389 725 1466 sqq.):
760 1385 898 1461 „Primus
929 1387 960 1446 in
993 1385 1037 1463 eo,
1061 1387 1112 1466 qui
1135 1385 1287 1448 scribendi
1309 1385 1495 1465 legendique

296 1492 425 1573 adeptus
455 1493 515 1554 en't
537 1493 721 1568 laoultatem,
745 1492 948 1572 grammatiois
971 1499 1019 1554 est
1041 1494 1125 1556 loeus
1149 1514 1174 1555 e.
1198 1514 1227 1572 q.
1251 1497 1293 1558 s.“
1339 1489 1430 1554 Unde
1453 1493 1494 1554 la-

298 1598 356 1660 oile
389 1599 544 1680 colligitur
567 1597 798 1676 Quintilianum,
821 1617 889 1661 oum
917 1600 1180 1680 grammaticorum
1203 1619 1280 1679 quae
1304 1600 1343 1660 ad
1365 1599 1495 1661 iuvenes

232 1751 242 1770 .
300 1706 503 1769 instituendos
521 1707 663 1788 pertinet,
686 1707 871 1789 professione
888 1708 920 1768 in
939 1707 1133 1794 explananda
1147 1706 1334 1768 mentionem
1356 1710 1497 1768 veterum
1622 1753 1624 1762 ,

275 1815 565 1892 'grammaticorum
589 1812 776 1877 Graecorum
800 1815 1033 1890 inferretnihil
1056 1814 1139 1874 aliud
1163 1814 1263 1893 egisse
1286 1813 1344 1874 nisi
1367 1818 1402 1875 ut
1424 1833 1495 1894 quo-

296 1922 385 1982 modo
419 1921 467 1982 his
499 1922 624 1982 a'viris
655 1937 706 1983 res
738 1923 950 2002 grammaticae
972 1921 1134 1984 iuvenibus
1158 1922 1288 1983 traditae
1311 1924 1422 1996 essent,
1445 1924 1496 1982 de-

296 2033 488 2091 monstraret.

389 2135 472 2216 Ergo
496 2137 704 2208 Quintilianus
737 2138 784 2198 his
802 2138 913 2214 verbis,
937 2139 976 2198 de
999 2138 1109 2216 quibus
1132 2137 1322 2218 disputamus
1344 2137 1388 2198 ita
1410 2136 1493 2196 volu-

301 2243 501 2310 issevidetur
514 2245 684 2306 scholarum
699 2245 890 2328 potissimum
904 2246 935 2306 in
955 2265 1041 2306 usum
1063 2244 1133 2306 illos
1157 2243 1368 2324 grammaticos
1391 2259 1496 2302 versus

297 2349 434 2412 censoria
446 2351 568 2430 virgula
582 2357 711 2415 notasse.
737 2353 805 2423 Quo
819 2353 907 2414 modo
923 2373 991 2413 eum
1006 2371 1116 2413 versus
1132 2352 1243 2432 signati
1258 2354 1370 2426 essent,
1388 2347 1494 2427 magis-

297 2456 353 2520 tris
376 2459 518 2520 ludomm
541 2459 695 2540 aptissime
719 2477 807 2522 aneas
829 2461 917 2522 datas
941 2479 1009 2520 esse
1033 2459 1233 2521 enarrationis
1255 2459 1286 2518 in
1309 2463 1415 2538 aperto
1439 2461 1516 2523 est„

298 2562 368 2634 Qua
399 2569 501 2626 autem
523 2566 639 2627 ratione
663 2568 795 2629 earmina
818 2567 1052 2648 explicaverint,
1079 2569 1222 2628 doeemur
1245 2564 1348 2624 verbis
1371 2561 1510 2655 Melam-¹

297 2670 384 2752 podis
398 2671 448 2734 l.l.
464 2693 492 2752 p.
506 2673 566 2734 736
589 2674 648 2734 his:
673 2663 712 2750 „d
728 2667 951 2759 aptatadgoipv
967 2674 1032 2735 τῶν
1049 2674 1196 2758 παιηνὼν
1217 2659 1236 2752 ἢ
1259 2657 1391 2751 pudiea·
1413 2654 1435 2746 ἢ
1459 2659 1492 2722 dr

300 2771 407 2839 δέοντι
435 2767 455 2863 ἢ
479 2773 512 2840 ἐν
533 2772 578 2865 μὴ
602 2776 709 2843 δέοντι
732 2767 752 2865 i}
774 2771 933 2864 εὐκαίρως
955 2769 975 2866 ἥ
999 2772 1144 2863 ἀκαίρως
1167 2772 1342 2850 λεχθεῖσαν
1365 2761 1490 2827 ἔννοιαν

301 2879 482 2967 παρεδίδου
505 2887 559 2970 τῷ
583 2883 661 2970 νέῳ
684 2883 741 2949 καί
765 2881 823 2973 τὴν
846 2877 969 2950 τούτων
992 2883 1104 2949 αἰτίαν
1127 2876 1327 2943 ἒδίὸασκεν.“
1373 2871 1492 2934 Deinde
1571 2879 1573 2886 “

303 2991 449 3072 seqnitur,
466 2999 501 3055 ut
519 2995 707 3074 grammatici
722 2999 845 3057 veteres
864 2997 958 3058 libros
980 2993 1116 3054 subditos
1139 2980 1347 3046 summovendi
1369 2997 1495 3078 munere

301 3098 394 3160 etiam
426 3101 566 3162 ludorum
600 3105 760 3165 commodo·
785 3105 956 3166 servientes
988 3117 1053 3158 osae
1086 3092 1179 3154 fifflssl‘
1204 3090 1372 3152 tradantur·
1418 3085 1497 3146 Sane

298 3205 367 3268 illos
399 3207 493 3272 libros
516 3209 571 3269 vili
594 3231 698 3271 eorum
721 3211 824 3272 indole
847 3208 969 3273 adducti
993 3201 1121 3264 conlisuri
1146 3199 1313 3261 noluerunt
1335 3210 1498 3276 puerorum

301 3315 339 3375 ad
370 3315 600 3392 institutionem,
634 3318 691 3378 nisi
724 3319 801 3381 forte
832 3319 985 3387 iuvenum,
1017 3309 1068 3388 qui
1100 3325 1157 3389 per
1192 3308 1322 3368 aetatem
1353 3300 1497 3364 iuditium

302 3422 401 3482 faeere
433 3429 566 3504 possent,
600 3426 638 3485 ad
671 3427 786 3488 animos
819 3420 1006 3486 exercendos
1028 3416 1107 3498 ipsas
1131 3413 1332 3494 quaestiones,
1355 3409 1407 3498 qui
1429 3403 1499 3465 libri

301 3527 376 3590 i'also
399 3529 579 3594 viderentur
601 3532 747 3616 inseripti,
773 3529 805 3592 in'
828 3528 937 3592 seholis
959 3525 1082 3586 habitae
1106 3527 1186 3586 sunt.
1221 3520 1282 3582 Gur
1304 3535 1378 3576 vero
1402 3529 1497 3592 gram-

301 3634 403 3695 matioi
435 3635 639 3699 Alexandrini
670 3639 781 3701 iudicio
818 3642 853 3698 ut
875 3635 950 3696 alios
973 3638 1081 3713 poetas
1104 3631 1135 3690 in
1159 3627 1293 3690 ordinem
1316 3617 1500 3697 redegerint,

302 3742 378 3804 alios
401 3744 521 3805 omnino
545 3747 728 3823 exemerint,
751 3746 797 3808 usi
822 3746 891 3817 siut,
910 3742 991 3802 haud
1014 3735 1139 3800 difficile
1163 3739 1210 3794 est
1232 3728 1365 3807 eognitu.
1410 3721 1500 3785 Solio·

302 3851 401 3912 larum
433 3851 513 3912 enim
545 3853 577 3912 in
611 3873 699 3914 nsum
732 3871 800 3913 oum
824 3849 1059 3930 Aristophanem
1091 3847 1123 3902 et
1146 3835 1355 3898 Aristarchum
1377 3847 1501 3893 eensum

303 3957 403 4037 egisse
437 3979 454 4019 e
486 3963 549 4022 toto
574 3959 754 4030 Quintiliani
777 3958 851 4030 loeo,
875 3959 910 4017 ut
932 3952 1073 4032 equidem
1097 3947 1199 4020 or'edo,
1222 3939 1391 4004 neeessario
1414 3955 1499 4016 eoga-

303 4069 363 4142 our,
396 4065 527 4128 dubitari
560 4085 620 4129 non
651 4069 755 4147 potest
786 4062 861 4142 quin
884 4055 1216 4144 praestantissimorum
1239 4051 1405 4132 poetarum,
1428 4063 1504 4124 quos

304 4175 342 4235 ad
358 4192 521 4254 puerorum
535 4173 738 4236 eruditionem
763 4165 1090 4230 aeoommodatissimos
1113 4166 1146 4223 et
1166 4153 1417 4240 interpretatione
1437 4149 1504 4229 dig-

305 4281 444 4351 nissimos
464 4283 700 4354 arbitrabantur,
725 4275 878 4338 delectum
898 4271 1084 4336 oouiooerint
1098 4287 1211 4349 eosque
1234 4265 1264 4325 in
1289 4261 1399 4324 seholis
1422 4275 1505 4319 enar-
