3386 4986
783 342 1000 400 „23-

293 533 459 624 Herodoto,
492 533 700 624 Thucydide,¹
705 479 930 624 Xenophonte,
958 533 1086 597 Philisto
1056 463 1371 618 welheopompo
1338 527 1489 598 iudicave-

292 646 349 720 rat,
382 619 493 705 eodem·
519 643 585 703 loco
612 644 767 703 retractat.
795 639 921 720 Atqui
941 627 1049 708 verbis
1067 641 1263 723 Dionysianis
1286 645 1337 708 l..l
1362 667 1391 726 p.
1418 635 1490 719 776,
1598 658 1600 666 ’

295 753 313 810 5
337 769 403 830 sqq
434 747 622 811 adumbratio
649 747 732 810 virtu
733 750 806 810 tum
821 727 971 811 Herodoti
995 749 1256 832 Thucydidisque,
1280 771 1371 832 quam
1395 751 1489 822 Quin-

293 855 416 918 tilianus
438 854 480 931 X,
505 857 534 930 1,
558 858 600 917 73
623 855 745 944 prefert,
769 856 937 917 admodum
955 858 1110 920 convenit:
1409 919 1412 926 ,

506 956 731 1047 ,,Θουκυδίδης
767 957 828 1041 μὲν
863 954 925 1045 γὰρ
957 957 999 1024 τὰ
1031 957 1129 1050 πάθη
1153 963 1300 1051 δηλῶσαι
1323 959 1491 1049 κρείττων,

458 1058 639 1152 Ἡρόδοτος
662 1063 700 1130 δὲ
731 1057 772 1130 τά
804 1059 832 1150 γ’,
864 1057 932 1154 ἢθη
955 1071 1171 1194 παραστῆσαι
1194 1061 1491 1156 δεινότερος....,..

366 1203 370 1214 ·
454 1170 489 1256 qi
507 1168 564 1261 τὴν
583 1167 676 1254 ἰσχὺν
690 1170 749 1238 καὶ
771 1168 828 1237 τὸν
850 1165 944 1238 τόνου
967 1173 1025 1240 καὶ
1053 1171 1113 1254 τὰς
1137 1168 1387 1304 ὁμοιοτρόπους
1401 1167 1492 1240 δυνά-

370 1317 372 1322 ·
453 1304 528 1364 μεις
550 1283 608 1370 τῆς
631 1272 784 1369 φράσεως
806 1273 922 1368 ἀρεταὶ
945 1280 1167 1369 περιέχουσαι.
1192 1281 1351 1371 κρείσσων
1371 1281 1405 1347 ἐν
1420 1274 1492 1348 ταί·-

455 1413 530 1466 ιαις
557 1379 739 1514 Ἡροδόσορ
763 1385 975 1478 Θουκυδίδης.
996 1382 1123 1480 ἡδονὴν
1155 1388 1192 1457 δὲ
1215 1389 1273 1456 καὶ
1285 1387 1410 1456 πειθώ
1435 1389 1492 1455 καὶ

456 1493 577 1583 τέρψιν
610 1493 668 1560 καὶ
700 1489 761 1572 τὰς
793 1487 994 1581 ὁμοιογενεῖς
1017 1489 1136 1584 ἀραιὰς
1159 1493 1346 1623 εἰςφέρεσριι
1377 1502 1493 1585 μακρρι

457 1600 659 1671 Θουκυδίδου
682 1599 872 1690 κρείσσονας
898 1595 1088 1711 Ηρόδοσος.
1111 1607 1170 1694 τῆς
1193 1604 1231 1670 ds
1253 1598 1407 1695 φράσειας
1429 1608 1494 1669 τῶν

455 1703 623 1794 ὀνομάτων
655 1704 693 1775 τὸ
724 1707 784 1792 μὲν
816 1705 901 1774 κατὰ
934 1703 1035 1801 φύσιν
1068 1705 1250 1800 Ἡρόδοτος
1282 1706 1431 1803 ἐζήλωκε,
1456 1708 1494 1778 τὸ

455 1817 492 1884 ds
515 1811 621 1883 δεινὸν
646 1814 880 1906 (ε)ουκυιιι’ὁης.“ι

509 1928 648 2005 „Densus
679 1930 711 1990 et
741 1927 845 1990 brevis
868 1932 900 1990 et
922 1946 1044 2010 semper
1066 1929 1184 1994 instans
1206 1932 1263 1994 sibi
1287 1931 1494 2015 Thucydideo,

456 2035 555 2097 dulcis
577 2038 609 2096 et
631 2024 780 2096 candidus
802 2037 834 2096 et
856 2036 940 2098 fusus
963 2035 1151 2116 Herodotus3
1178 2039 1233 2100 ille
1257 2039 1423 2116 concitatis,
1446 2039 1496 2102 hic

348 2217 350 2220 Ι
456 2141 590 2205 remissis
605 2140 763 2204 affectibus
784 2141 904 2222 melipr3
927 2142 980 2205 ille
1003 2145 1202 2222 contionibus,
1226 2147 1275 2210 hic
1298 2147 1496 2223 sermonibus,

383 2245 385 2251 ’
453 2251 509 2320 ille
532 2250 574 2327 vi,
596 2249 646 2311 hic
669 2249 869 2332 voluptate.“·

346 2382 351 2396 ·
373 2359 504 2421 'Deinde
518 2377 596 2438 quae
612 2358 645 2420 in
663 2357 907 2420 commentariolo
926 2360 1007 2439 quod
1026 2359 1110 2437 „cciv
1132 2350 1278 2446 ἀρχαίων
1299 2358 1428 2448 κρίσις“
1451 2362 1504 2423 in··
1541 2387 1543 2392 ·

216 2531 218 2536 ,
298 2466 440 2528 scribitur
474 2471 506 2528 et
526 2464 665 2546 'Dionysi
697 2464 778 2526 inter
810 2464 924 2546 scripta
955 2468 996 2548 (p.
1021 2472 1084 2531 415
1110 2490 1174 2548 sqq.
1198 2469 1250 2548 R.)
1274 2471 1433 2553 reperitur,
1457 2471 1496 2530 de

211 2611 212 2615 =
249 2648 253 2654 Α
298 2573 448 2636 historicis
471 2573 513 2654 (p.
537 2575 602 2636 424
621 2591 686 2652 sqq.
702 2571 751 2647 R.)
769 2571 979 2653 explicantur,
1004 2594 1040 2636 ea
1063 2595 1131 2636 cum
1153 2576 1324 2654 fragmento
1346 2577 1399 2638 illo
1423 2575 1494 2634 libri

236 2677 239 2684 '
282 2675 379 2762 *cept
411 2667 580 2764 μιμήσεως
611 2678 655 2740 ita
677 2683 857 2758 congruunt,
881 2684 916 2742 ut
938 2700 1016 2761 qnae
1039 2681 1188 2761 copiosius
1211 2680 1377 2760 Dionysius
1400 2685 1492 2756 expo·-

299 2789 361 2849 suit
382 2808 411 2867 p.
430 2789 503 2862 775,
528 2790 546 2845 5
570 2805 668 2865 usque
690 2786 729 2846 ad
751 2808 780 2868 p.
806 2773 871 2849 787
886 2788 933 2863 R,
955 2787 987 2848 in
1010 2787 1174 2864 angustum
1197 2791 1301 2846 coacta
1321 2803 1350 2864 p.
1374 2784 1448 2855 424,
1474 2780 1501 2842 5'

300 2914 396 2974 usque
419 2893 458 2954 ad
483 2895 546 2954 429
570 2891 608 2953 R.
632 2891 851 2958 contineantur.
897 2894 1030 2974 Exque
1054 2891 1184 2953 efficitur
1206 2891 1247 2967 id,
1270 2891 1352 2970 quod
1375 2889 1492 2952 Becke-

299 3021 361 3078 ιιιιΙ
392 3000 486 3082 praef.
528 2997 677 3062 versionis
703 2999 779 3068 libri
810 3001 897 3064 Dion.
920 3002 959 3062 de
982 2998 1189 3060 Demosthene
1212 2996 1250 3079 (a.
1276 3001 1375 3076 1829)
1398 3018 1428 3078 p.
1454 2999 1493 3058 19

300 3129 364 3188 sqq.
397 3085 564 3180 rectissime
597 3106 743 3188 percepit,
776 3111 874 3172 totum
904 3106 1058 3190 libellum¹
1075 3105 1160 3182 „cciv
1191 3095 1337 3191 ἀρχαίων
1364 3098 1496 3189 κρίσις(

300 3215 462 3298 epitomem
494 3235 563 3276 esse
586 3213 656 3276 libri
679 3208 927 3296 εεοιιιιιιί·,,περὶ
949 3201 1149 3298 μιμήσειος“.
1165 3213 1205 3292 ¹⁶)
1251 3211 1313 3276 Sed
1335 3213 1435 3296 ipsum
1459 3210 1497 3270 ad

300 3323 479 3386 adstrictum
500 3321 591 3384 huius
613 3321 761 3403 epitomae
785 3339 953 3384 sermonem
976 3319 1152 3402 saepissime
1175 3320 1356 3392 Quintiliani
1379 3321 1498 3380 senten·

301 3431 361 3492 tiae
401 3430 541 3511 proxime
581 3430 738 3492 accedunt.
793 3427 881 3498 Quae
913 3427 995 3489 enim
1026 3428 1065 3490 de
1089 3427 1223 3492 Homero
1255 3433 1288 3490 et
1309 3424 1443 3489 Hesiodo
1466 3423 1499 3480 ct

303 3535 483 3600 Antimacho
507 3541 538 3598 et
560 3535 694 3616 Panyasi
717 3535 772 3615 (X,
798 3539 825 3611 1,
850 3537 994 3614 ‹rc-54)
1018 3539 1110 3617 atque
1133 3537 1172 3598 de
1195 3536 1326 3597 Pindaro
1350 3534 1382 3592 ct
1404 3526 1497 3590 Stesi-

303 3647 392 3707 choro
416 3648 449 3706 et
470 3643 586 3704 Alcaeo
610 3647 641 3703 et
664 3640 818 3704 Simonide
841 3643 907 3724 (l.l.
924 3643 1068 3722 61-64)
1093 3642 1298 3714 Quintilianus
1320 3632 1498 3716 disputarit,

375 3864 515 3932 1ἰιιιιιειιι
540 3862 647 3918 exiliter
671 3863 753 3928 verba
777 3861 890 3932 Dionysi
914 3865 1039 3928 excerpta
1057 3860 1120 3921 sint,
1143 3873 1195 3925 quo
1213 3856 1329 3925 quisque
1347 3856 1498 3910 asporatius

299 3969 336 4010 'ea
353 3952 506 4016 conciderit,
526 3966 594 4020 quae
608 3951 755 4018 comparari
773 3953 892 4019 possunt,
913 3968 942 4002 oo
961 3947 1059 4001 certius
1077 3947 1228 4013 intelleget,
1248 3945 1287 3999 ita
1306 3949 1337 3998 ιιι
1355 3945 1499 4014 epitomem

304 4041 495 4099 recentissimis
525 4039 687 4108 temporibus
717 4037 866 4092 confectam
898 4052 955 4089 esse
987 4035 1130 4088 concedere
1155 4051 1207 4088 non
1232 4034 1345 4088 dubitet.
1366 4065 1399 4073 -
1419 4033 1497 4088 Cete-

305 4151 365 4188 rum
390 4133 496 4199 integro
516 4130 584 4182 libro
603 4128 732 4199 Syriacus
751 4131 779 4180 et
796 4125 928 4179 Maximus
948 4126 1091 4190 Planudes,
1112 4140 1223 4193 quorum
1242 4119 1500 4192 loeos'collegerunt

306 4221 427 4276 Blassius
453 4221 485 4274 de
512 4219 621 4288 Dionys,
649 4217 713 4272 Hal.
738 4215 844 4284 scriptis
872 4215 954 4270 rh'ett.
981 4231 1007 4284 p.
1037 4216 1070 4268 19
1094 4230 1151 4284 sqq.
1170 4219 1198 4268 et
1216 4214 1371 4268 Roeselerus
1389 4213 1500 4283 Dionys.

307 4312 410 4380 scripit.
430 4310 512 4366 rhett.
531 4308 628 4378 hagan.
647 4323 672 4378 p.
692 4308 726 4363 26
745 4321 810 4376 sqq..
830 4306 955 4362 ridentur
973 4305 1016 4360 nsi
1035 4319 1101 4360 esse.
1212 4391 1214 4396 Ι
1276 4344 1280 4353 ,
