3386 4986
592 351 910 434 ’-00-

200 567 404 650 elegiacorum
444 572 602 650 poetarum
643 567 852 644 instituerunt,
885 567 1033 647 quomodo
1064 565 1091 626 is
1123 567 1268 628 formatus
1298 563 1400 642 fuerit,

199 677 269 758 quis
311 679 358 738 est
399 675 450 756 qui
491 675 617 737 definire
650 673 789 738 audeat?
834 673 878 736 At
910 693 979 736 cum
1010 693 1047 736 ea
1079 673 1203 754 quidem
1235 692 1314 754 quae
1348 671 1400 733 alii

200 784 290 844 velut
321 783 561 863 Α110101010019)
594 785 633 844 de
667 784 724 846 hoc
756 781 855 864 poesis
888 801 1002 862 genere
1034 785 1214 858 statuerunt,
1237 779 1401 842 memoriae

203 889 315 952 tradita
353 889 422 966 sint,
461 890 741 953 Alexandrinorum
774 893 876 951 antem
907 890 947 950 de
979 907 1091 967 norma,
1126 907 1216 969 quarn
1243 887 1400 949 minimum

202 996 441 1059 valuisse'modo
466 997 748 1074 demonstravimus,
772 1017 896 1080 prorsus
920 995 1074 1058 silentium
1098 997 1146 1074 sit,
1169 998 1232 1058 tota
1255 1017 1306 1057 res
1328 995 1401 1056 mihi

203 1103 327 1166 videtur
358 1125 418 1166 non
452 1105 525 1168 satis
557 1105 627 1166 fidei
655 1107 768 1166 habere
791 1125 892 1184 neque
915 1103 1064 1186 probabili
1088 1103 1261 1166 coniectura
1283 1106 1400 1165 susten-

203 1211 270 1273 tari.
316 1209 407 1272 Certe
438 1211 623 1273 Ruhnkenio
647 1212 770 1272 minime
794 1211 882 1272 licuit
910 1211 1095 1272 contendere
1118 1211 1260 1272 Proclum
1273 1209 1314 1290 ²⁰)
1338 1209 1399 1270 ele·

202 1317 354 1398 giacorum
378 1321 535 1400 poetarum
559 1319 713 1380 delectum
737 1319 775 1379 ab
799 1316 1019 1379 Alexandrinis
1042 1318 1165 1400 petisse.

289 1531 341 1594 Ad
372 1529 497 1616 politas
528 1529 667 1613 lyricos
694 1531 962 1614 progredientibus
985 1533 1072 1595 nobis
1094 1533 1176 1594 haud
1199 1532 1329 1594 minores
1352 1552 1400 1594 oc-

202 1643 329 1701 currunt
362 1639 565 1702 difficultates.
620 1637 759 1716 „Novem
791 1639 956 1720 lyricorum
987 1640 1078 1720 longe
1101 1641 1267 1702 Pindarum
1290 1639 1399 1722 princi-

201 1749 289 1828 pem“
331 1766 400 1807 cum
442 1746 650 1818 Quintilianus
682 1747 731 1808 11.
765 1745 790 1825 ξ.
817 1752 856 1808 61
891 1748 980 1824 dicat,
1012 1768 1171 1809 numerum
1203 1747 1399 1810 novenarium

201 1853 368 1934 lyricorum
397 1855 555 1924 definitum
578 1874 646 1915 esse
670 1855 778 1916 elucet.
826 1854 969 1932 Exstant,
992 1877 1068 1936 quos
1090 1855 1122 1916 in
1146 1874 1289 1917 canonem
1313 1874 1401 1916 snum

201 1959 404 2022 Ruhnkenius
426 1961 552 2044 recepit,
580 1959 710 2022 Alcman
734 1960 868 2024 Alcaeus
891 1962 1012 2044 Sappho
1036 1961 1227 2024 Stesichorus
1250 1961 1401 2022 Pindarus

203 2065 405 2148 Bacchylides
436 2069 553 2149 Ibycus
585 2069 746 2130 Anacreon
779 2069 948 2132 Simonides
972 2107 1013 2114 —
1039 2070 1143 2130 hercle
1176 2089 1284 2130 novem
1313 2067 1398 2129 etin

203 2175 284 2238 tabb.
318 2173 407 2236 Coisl.
440 2173 466 2253 ξ.
491 2180 509 2236 9
544 2179 575 2235 01
606 2173 693 2236 Bodl.
717 2174 743 2253 ξ.
776 2175 857 2236 XVI
890 2183 923 2238 et
954 2177 1034 2258 apud
1058 2175 1265 2238 Andronicum
1292 2175 1347 2238 1.1.
1370 2196 1399 2256 p.

205 2285 290 2344 1461
317 2285 348 2342 01
371 2281 489 2341 duobus
512 2279 544 2340 in
568 2279 796 2360 epigrammatis
819 2272 1022 2357 ἀδεσπότοις
1044 2285 1093 2364 (01.
1110 2284 1205 2346 Anth.
1225 2283 1322 2346 Palat.
1340 2281 1400 2358 IX,

209 2391 273 2449 184
301 2391 334 2448 et
358 2384 443 2467 571).
488 2385 533 2446 At
555 2385 702 2447 decimam
724 2385 863 2467 plerique
886 2407 996 2450 novem
1019 2389 1117 2470 poetis
1139 2390 1323 2451 addiderunt
1346 2387 1400 2452 Oo-

203 2491 328 2554 rinnam.
375 2491 444 2555 Hac
475 2492 513 2553 de
544 2512 578 2553 re
610 2492 825 2578 Melampodis
839 2494 930 2556 schol.
955 2495 1040 2558 Dion.
1066 2496 1137 2560 Phr.
1162 2519 1191 2580 p.
1218 2499 1277 2560 751
1304 2498 1400 2558 rerba

274 2722 306 2790 ¹⁰)
326 2719 358 2778 cf.
386 2719 467 2778 schol.
495 2721 560 2775 Bcb.
581 2719 700 2776 Ciceron.
719 2738 766 2790 pro
785 2722 886 2777 Archia
906 2724 947 2790 10,
968 2726 984 2778 3
1003 2741 1029 2792 p.
1048 2725 1101 2780 358
1120 2723 1202 2780 Orell.
1222 2726 1340 2795 „primns
1359 2727 1398 2779 vi·

201 2809 279 2864 detur
298 2811 447 2880 elegiacum
466 2826 575 2865 carmen
594 2811 730 2878 scripsisse
750 2811 880 2866 Gallinas.
908 2812 1001 2868 Adicit
1018 2818 1156 2882 praeterea
1173 2813 1332 2869 Aristoteles
1350 2815 1400 2869 1100

200 2915 285 2966 genus
304 2903 399 2970 poetas
417 2899 608 2954 Antimachum
628 2899 832 2969 Colophonium,
862 2900 1055 2957 Archilochum
1074 2903 1192 2969 Parium}
1211 2904 1399 2958 Mimnermum

202 2987 403 3058 Colophonium,
423 3007 535 3059 quorum
553 3007 664 3044 numero
684 2989 793 3043 additur
812 2989 893 3044 etiarn
913 2991 995 3045 Solon
1012 2992 1186 3047 Atheniensis
1204 2993 1294 3062 legum
1315 2993 1397 3062 scrip·

201 3080 243 3130 tor
260 3079 469 3134 nobilissimus.“
1421 3085 1423 3091 “

273 3167 307 3236 ²⁰)
326 3168 408 3222 Plura
423 3167 511 3221 Procli
528 3167 636 3234 iudicia,
656 3185 736 3237 quam
756 3186 824 3238 quae
843 3171 1017 3236 enotavimus‚
1037 3174 1144 3224 serrata
1161 3171 1237 3225 nobis
1255 3189 1308 3227 non
1326 3177 1397 3228 sunt.

203 3253 255 3310 Sed
275 3273 436 3326 quamquam
455 3257 493 3310 010
512 3258 585 3324 10010,
611 3257 659 3311 uhi
677 3261 798 3311 auctores
817 3260 903 3312 nostri
920 3264 1019 3324 tacent,
1039 3259 1067 3313 id
1085 3260 1173 3329 ipsum
1191 3278 1337 3332 numquam
1355 3281 1396 3318 re-

200 3343 365 3410 nuntiamus,
394 3347 485 3399 tamen
512 3346 585 3400 illius
612 3347 652 3400 rei
676 3347 838 3401 mentionem
863 3349 1000 3405 movimus.
1037 3349 1107 3403 Nam
1126 3349 1214 3404 Procli
1233 3351 1396 3408 chrestoma·

199 3433 286 3487 thiam
316 3449 376 3487 cum
403 3434 525 3503 reliquiis
554 3436 641 3505 operis
669 3436 795 3506 Didymei
824 3439 904 3506 ,περὶ
927 3435 1045 3507 λυρικῶν
1067 3443 1214 3505 ποιητῶνίι,
1240 3457 1308 3509 quae
1327 3441 1399 3512 apud

200 3521 326 3577 Orionem
350 3523 508 3578 Thebanum
532 3529 646 3592 exstant,
672 3527 715 3579 vel
733 3526 819 3580 obiter
837 3526 1053 3594 comparantibus
1072 3529 1148 3582 nobis
1167 3546 1219 3582 non
1237 3534 1327 3599 potest
1343 3549 1397 3587 non

199 3611 284 3682 primo
303 3613 396 3667 statim
415 3614 511 3667 obtutu
532 3615 667 3669 oculorum
686 3632 714 3668 se
738 3615 888 3680 obtrudere,
908 3630 975 3684 quae
993 3613 1063 3670 inter
1081 3618 1220 3687 utriusque
1238 3620 1338 3688 placita
1355 3622 1396 3676 in·

200 3699 321 3767 tercedit,
350 3703 500 3758 similitudo
528 3708 585 3758 tam
611 3704 763 3770 manifesta,
792 3707 823 3758 ut
848 3703 940 3758 Proclo
959 3703 987 3757 in
1007 3701 1108 3760 duobus
1126 3707 1257 3775 prioribus
1276 3711 1393 3765 chresto-

200 3791 317 3844 mathiae
342 3791 419 3845 libris
444 3793 590 3863 Didymum
614 3795 715 3865 fontem
740 3794 823 3847 irrisae
841 3794 957 3847 maxima
975 3809 1034 3847 cum
1054 3795 1109 3849 reri
1127 3797 1213 3864 specie
1233 3799 1397 3866 suspicemur

202 3878 245 3946 (01.
258 3879 457 3948 ·Schmidtinnr,
491 3883 598 3952 Didym.
627 3883 723 3952 fragm.
752 3901 777 3952 p.
806 3885 877 3952 390).
924 3884 981 3937 10111
1007 3885 1147 3940 ordinesne
1165 3889 1311 3954 poetarum,
1330 3905 1395 3956 quos

203 3966 312 4021 Procius
330 3969 420 4040 habet,
441 3989 454 4024 e
477 3971 593 4040 Didymo
611 3973 744 4038 fluxerint,
762 3973 835 4026 haud
853 3973 956 4026 inutilis
975 3978 1017 4028 est
1034 3975 1162 4042 quaestio,
1183 3976 1229 4028 sed
1248 3976 1291 4028 vix
1308 3979 1397 4044 potest

151 4119 153 4124 ,
202 4054 236 4108 ad
260 4055 390 4126 liquidum
415 4062 533 4130 perduci.
570 4061 608 4115 At
631 4063 654 4116 si
672 4064 782 4116 Proclus
801 4062 863 4116 illos
882 4061 987 4116 ordines
1006 4080 1037 4116 ex
1055 4063 1172 4134 Didymo
1190 4065 1288 4131 hausit,
1307 4067 1394 4134 ipsum

201 4142 347 4213 Didymum
374 4149 584 4203 Alexandrinum
613 4151 746 4220 epicorum
774 4168 902 4206 canonem
929 4151 1129 4208 Aristarcheum
1155 4153 1283 4207 Pisandro
1301 4155 1394 4210 addito

108 4301 112 4310 .
203 4238 381 4290 commutasse
400 4243 518 4306 apparet.
543 4225 620 4303 Quod
637 4257 697 4294 curn
716 4241 744 4293 in
762 4240 849 4294 medio
868 4241 904 4294 sit
922 4242 1117 4310 reliquendum,
1135 4243 1220 4296 11111110
1238 4244 1326 4313 magis
1346 4244 1393 4298 du-

202 4321 274 4376 bium
295 4327 385 4377 utrum
404 4343 420 4378 a
438 4328 532 4382 Proclo
552 4346 584 4383 an
605 4329 748 4398 allidymo
767 4330 908 4398 scriptores
926 4331 998 4388 tahb,
1019 4330 1100 4386 Coisl.
1118 4335 1147 4386 et
1164 4331 1250 4397 Boni,
1270 4334 1393 4402 quicum

1180 4423 1196 4474 3
1203 4421 1216 4450 11ι
