3386 4986
752 315 1075 374 -54-*

265 511 472 586 Aristotelem,
496 509 748 590 Theophrastum.
787 507 878 579 Quod
900 525 959 586 qua
982 505 1108 566 audacia
1130 505 1246 580 fecerit,
1270 503 1392 566 difficile
1415 509 1463 568 est

264 619 357 682 dictu.
402 617 563 698 Legendos
585 615 781 697 philosophos
802 614 1023 695 Pythagoreos,
1046 612 1284 693 Xenophontem
1307 615 1339 674 et
1362 612 1462 674 Plato·

264 745 343 798 nem‚
366 723 565 785 Aristotelem
596 721 723 802 eiusque
751 720 916 802 discipulos
939 719 1111 782 summatim
1135 718 1292 800 proposuit
1313 737 1462 782 commea·

265 831 385 896 datione
408 828 576 910 Dionysius
598 828 877 890 Halicarnassensis
895 826 977 888 sive
1008 825 1109 907 potius
1140 825 1207 886 eius
1229 825 1410 907 epitomator
1432 847 1469 910 p,

140 943 147 956 '
264 940 329 1002 430
342 935 378 998 a,
396 983 402 996 .
419 935 570 996 Laudavit
588 934 798 1006 Quintilianus
819 934 869 996 l.1.
894 932 920 1012 ξ.
938 937 978 995 81
1004 933 1175 996 disserendi
1198 932 1372 1014 facultatem
1395 952 1464 998 cum

265 1043 392 1108 aliorum
426 1041 655 1118 Socraticorum,
688 1046 754 1104 tum
786 1039 922 1102 Platonis
950 1039 1226 1120 Xenophontisque
1258 1042 1289 1100 et
1320 1039 1465 1119 loquendi

266 1149 448 1212 suavitatem
480 1148 658 1211 Aristotelis
690 1146 952 1227 Theophrastique
985 1150 1017 1207 et
1038 1164 1141 1206 rerum
1163 1145 1381 1222 inventionem,
1404 1164 1464 1225 qua

266 1256 346 1318 acuti
384 1260 488 1317 essent
520 1253 621 1318 Stoici.
667 1253 878 1332 Hermogenes
905 1257 1007 1316 autem
1030 1253 1080 1314 l.l.
1105 1250 1232 1329 Platoni,
1256 1252 1464 1334 Xenophonti,

267 1361 414 1424 Aeschini
436 1359 597 1438 Socratico,
621 1359 733 1441 quippe
765 1359 817 1438 qui
841 1359 958 1422 virtute
989 1359 1067 1437 „coi
1099 1348 1215 1433 ἁπλῶς
1242 1359 1465 1442 πανηγυρικοῦ

266 1457 382 1550 λόγον(
406 1469 605 1550 excellerent,
628 1466 819 1548 praeconium
843 1466 959 1532 tribuit
997 1466 1081 1528 Hinc
1095 1464 1356 1546 Wyttenbachius
1378 1465 1465 1544 qnin-

269 1595 329 1656 que
364 1575 421 1636 illa
449 1575 570 1646 nomina
601 1572 799 1635 licentissime
822 1573 1006 1654 conquisivit
1027 1593 1127 1652 nsque
1150 1571 1307 1634 intellexit
1329 1591 1390 1647 eos,
1413 1571 1466 1650 qui
1567 1581 1568 1585 ’

268 1700 415 1744 canonem
439 1683 670 1756 constituerent,
702 1681 834 1742 omnium
857 1680 1188 1763 praestantissimarum
1210 1682 1362 1742 sectarum
1385 1677 1467 1758 prin.

267 1787 352 1868 cipes
385 1789 492 1850 saltem
524 1788 668 1850 debuisse
700 1787 845 1868 recipere.
890 1788 1056 1850 Praeterea
1087 1785 1406 1865 laertius-Diogenes
1426 1783 1467 1858 Il,

269 1897 309 1956 47
335 1915 403 1956 cum
424 1894 507 1956 inter
528 1893 696 1959 Socraticos
718 1893 868 1972 dignitate
891 1893 1072 1956 antecedere
1090 1893 1259 1966 Platonem,
1281 1893 1467 1972 Xenophon-

269 2007 339 2077 tem,
354 1999 571 2062 Antisthenem
588 2005 620 2062 et
642 1999 748 2062 ordine
771 2001 877 2063 decem
898 1999 1075 2060 inferiorum
1098 1999 1147 2079 (cf.
1172 1999 1256 2076 „cciv
1282 1993 1469 2084 φερομένων

269 2101 350 2168 δέκα
393 2097 633 2191 διασημότατοι
671 2103 841 2192 τέσσαρες·
876 2097 1057 2191 Αἰσχίνης,
1098 2099 1246 2182 Φαίδων,
1279 2095 1468 2190 Εὐκλείδης,

269 2204 528 2295 Ἀρίστιππας“)
559 2213 745 2276 Aeschinem
776 2215 874 2279 teneri
906 2215 1027 2289 doceat,
1058 2232 1118 2293 qua
1149 2213 1182 2274 in
1215 2233 1249 2273 re
1281 2215 1469 2292 quantopere

270 2318 404 2382 Graecos
427 2319 561 2380 studium
584 2341 726 2382 numeros
749 2321 897 2383 ternarios
920 2324 952 2382 et
974 2320 1113 2382 denarios
1135 2319 1314 2402 perficiendi
1337 2319 1468 2380 delecta·

269 2425 358 2500 verit,
400 2425 500 2488 denuo
541 2431 678 2508 apparet,
712 2427 853 2489 Laertius
884 2428 1047 2508 Diogenes,
1079 2429 1212 2506 inquam,
1243 2423 1467 2505 Wyttenbachi

269 2530 400 2612 opinioni
423 2539 582 2613 repugnat,

231 3063 234 3069 '
361 3064 526 3144 Postquam
557 3082 687 3124 canones
719 3062 930 3126 historicorum
962 3067 995 3124 et
1032 3061 1280 3142 philosophorum
1320 3073 1470 3118 commcn-

274 3171 361 3234 ticios
393 3175 425 3234 et
456 3173 608 3234 oratorum
648 3171 793 3232 decadem
834 3189 852 3230 a
893 3167 1098 3248 grammaticis
1138 3163 1360 3226 Alexandrinis
1397 3161 1470 3222 alie·

274 3297 344 3338 nam
376 3297 443 3340 esse
475 3279 714 3340 demonstratum
747 3280 803 3354 est,
826 3277 881 3338 hos
905 3278 943 3337 ab
967 3273 1193 3336 existimatione
1217 3270 1398 3351 scriptorum
1420 3285 1471 3348 pe·

275 3381 431 3459 destrium,
463 3403 541 3464 quae
572 3384 604 3444 in
635 3403 745 3446 munus
776 3384 898 3446 illorum
929 3383 1165 3460 haudquaquam
1193 3379 1324 3452 caderet,
1347 3394 1473 3456 prorsus

275 3488 457 3552 abstinuisse
490 3491 564 3552 satis
596 3510 748 3571 superque
776 3490 988 3572 comprobasse
1011 3496 1104 3568 atque
1126 3486 1238 3548 laboris
1261 3483 1320 3544 mei
1343 3497 1472 3562 pensum

274 3595 432 3678 peregisse
454 3595 528 3656 mihi
550 3596 665 3661 uideor,
1511 3567 1522 3593 ⁹

364 3701 474 3764 Restat
496 3703 599 3780 igitur,
622 3707 730 3764 utres
753 3702 891 3784 disperse
915 3703 1012 3764 dictas
1034 3700 1066 3760 in
1089 3716 1184 3759 unum
1206 3697 1307 3756 locum
1330 3710 1473 3770 cogamus

276 3819 308 3872 et
339 3828 434 3870 unum
466 3809 522 3869 sub
547 3810 724 3890 adspectum
748 3809 944 3873 subiciamus:
990 3806 1167 3867 Scholarum
1190 3802 1222 3861 in
1245 3818 1332 3860 usum
1355 3797 1472 3863 Aristo-

276 3918 393 3998 phanes
417 3920 450 3977 et
472 3915 669 3976 Aristarchus
695 3920 853 3996 poetarum
877 3915 1029 3975 delectum
1052 3908 1256 3981 confecerunt,
1279 3925 1318 3965 nc
1341 3905 1475 3966 carmina

276 4041 383 4105 parum
407 4025 478 4104 apta
500 4040 517 4082 a
540 4022 680 4082 ludorum
704 4020 857 4099 magistris
871 4019 1092 4080 enarrarentnr.
1138 4013 1182 4074 At
1205 4017 1237 4074 et
1259 4011 1350 4072 huius
1372 4011 1474 4070 delec-

277 4137 336 4205 tus,
359 4133 394 4190 ut
411 4129 455 4190 ita
469 4128 574 4204 dicam,
598 4128 711 4190 classes
728 4131 850 4210 praeter
873 4124 994 4188 ordines
1016 4121 1170 4203 epicorum
1193 4124 1225 4182 et
1246 4116 1473 4198 iambographo-

277 4257 345 4298 rum
376 4235 593 4298 incertissimas
626 4239 698 4297 sunt
731 4237 764 4296 et
799 4233 912 4294 frustra
950 4229 989 4290 de
1025 4225 1188 4290 commodis
1219 4223 1475 4302 incommodisque
