3386 4986
692 279 913 342 ...21-

203 477 278 540 bnnt
309 477 359 556 (cf.
392 493 508 554 argum.
541 473 665 538 Hesiod.
699 482 774 539 scut.
808 477 888 561 ,τῆς
902 464 1076 562 Ιἰιίσττίίος
1099 462 1117 558 ἡ
1140 461 1223 558 ἀρχὴ
1246 467 1281 536 ἐν
1302 472 1349 556 τῷ
1373 462 1403 535 δ’

204 573 376 665 καταλόγῳ
408 575 620 668 φέρεταί...
645 571 841 644 ¹r‘nroirrreruca
872 577 910 644 δὲ
938 569 1234 666 Ἀριστοφάνης...
1258 570 1276 643 ὃ
1301 599 1402 665 γραμ-

203 680 346 771 ματικὸς
369 676 413 763 ὡς
437 675 494 750 οὖν,
518 672 618 752 οὖσαν
640 677 740 772 αὐτὴν
758 677 937 750 Ἡσιόδοοίί
960 692 992 750 ot
1014 689 1051 750 cf.
1077 686 1204 758 Quintil.
1231 693 1259 762 1,
1286 693 1313 763 1,
1340 689 1402 764 15).

206 797 251 858 At
285 795 311 856 si
342 797 438 858 rerba
460 801 619 872 „auctores
642 793 717 856 alios
740 793 771 854 in
795 795 931 856 ordinem
954 815 980 856 a.
1004 815 1033 874 q.
1057 800 1099 857 s.“
1124 795 1205 856 hunc
1226 794 1258 856 in
1283 794 1405 858 modum

209 902 396 966 enucleanda
432 907 517 978 sunt,
554 905 589 963 ut
620 899 808 980 grammatici
841 901 965 962 chorum
997 901 1128 964 omnium
1170 900 1405 964 diiudicaverint
1457 894 1466 912 ³

211 1015 379 1090 poetarum,
403 1008 678 1091 praestantissimos
694 1027 831 1088 quosque
852 1007 885 1068 iu
908 1027 1050 1070 numeros
1073 1009 1213 1072 delinitos
1234 1006 1407 1090 receperint

210 1119 244 1178 et
265 1117 304 1178 ad
326 1115 505 1179 imitandum
527 1115 749 1198 proposuerint,
772 1119 892 1178 ceteros
914 1116 952 1176 ab
975 1115 1041 1191 hoc,
1064 1116 1116 1196 qui
1139 1115 1260 1191 dicitur,
1292 1134 1406 1178 canone

211 1223 428 1306 separaverint,
453 1221 659 1294 Quintilianus
682 1221 828 1302 incogniti
852 1221 1042 1301 inauditique
1065 1221 1180 1302 aliquid
1203 1222 1325 1287 ridetur
1339 1242 1407 1306 pro·

171 1374 173 1380 -
213 1328 327 1392 didisse
348 1330 519 1396 memoriae.

339 1545 438 1608 Indici
461 1544 528 1606 sive
550 1537 700 1627 κρίσεως,
723 1542 855 1623 quaein
879 1544 1093 1622 grammaticae
1107 1544 1245 1626 partibus
1264 1543 1403 1624 apleris·

210 1672 270 1732 que
292 1653 463 1733 ponebatur
484 1650 536 1730 (cl.
561 1647 721 1712 Lehrsium
744 1649 796 1716 ll.
819 1672 849 1732 p.
874 1655 937 1714 393
962 1648 1042 1735 sqq.)
1064 1651 1242 1714 existimare
1264 1649 1409 1712 videlicet

210 1763 278 1820 erat
305 1759 344 1820 de
368 1765 477 1821 natura
499 1757 666 1820 carminum
689 1761 917 1839 poetarumque.
964 1755 1008 1822 Ut
1030 1758 1111 1822 enim
1135 1778 1171 1820 ea
1194 1755 1410 1832 hestimatione,

210 1882 301 1944 quam
333 1884 389 1927 nos
410 1863 613 1926 aesthetieam
645 1883 790 1926 vocamus
813 1882 950 1946 quaeque
972 1865 1031 1928 iam
1055 1865 1174 1948 pridem
1197 1863 1324 1929 Graecis
1346 1863 1411 1945 pla·

211 1976 317 2034 onerat
330 1971 379 2052 18),
405 1971 593 2053 grammatici
616 1971 827 2050 iungerentur,
849 1972 984 2054 ipsorum
1007 1993 1135 2035 munere
1158 1976 1412 2056 permoverentur

212 2097 337 2141 necesse
369 2083 444 2143 erat
498 2077 639 2158 Namque
671 2079 724 2140 ubi
756 2098 884 2160 opernm
915 2080 1048 2142 virtutes
1082 2079 1339 2142 examinaverunt
1362 2077 1412 2155 (oi.

212 2182 340 2248 Sextum
373 2207 398 2247 c.
430 2203 556 2264 gramm.
591 2181 618 2262 fi.
644 2187 685 2246 93
718 2175 780 2260 ,τά
813 2205 848 2246 τε
870 2174 944 2272 ὑγιῆ
967 2182 1024 2248 καὶ
1048 2180 1090 2248 τὰ
1113 2179 1158 2272 μὴ
1180 2165 1318 2250 τοιαῦτα
1341 2177 1412 2266 κρί-

287 2465 322 2534 ¹⁹)
342 2465 420 2520 Plato
448 2461 602 2530 Homerum,
631 2480 711 2534 quern
737 2463 841 2534 semper
866 2467 947 2536 louge
965 2467 1087 2521 maximis
1106 2468 1178 2523 inter
1196 2483 1288 2522 omues
1307 2470 1413 2520 constat

212 2553 337 2609 laudibus
365 2559 394 2608 et
420 2554 565 2609 honoribus
593 2555 757 2610 celebratum
785 2571 851 2620 esse,
872 2559 899 2610 et
916 2552 1130 2619 ποιητικώτατον
1148 2555 1193 2625 (ci.
1212 2557 1246 2612 de
1265 2573 1322 2626 rep.
1342 2555 1367 2610 X
1385 2571 1411 2624 p.

213 2643 265 2698 607
283 2643 329 2710 A.)
353 2647 381 2698 et
409 2642 524 2712 primurn
548 2643 683 2713 tragicum
708 2647 737 2698 et
759 2642 894 2714 ,ἄριστον
917 2647 962 2698 καί
989 2644 1137 2700 θειότατον
1155 2650 1213 2698 ταῖν
1230 2649 1351 2710 ποιητῶν
1368 2643 1413 2712 (cs.

213 2732 271 2786 Ion.
292 2748 318 2801 p.
337 2733 390 2786 570
409 2730 451 2801 C.)
471 2733 618 2788 declaravit
636 2733 760 2801 idemque
778 2733 953 2804 philosophus
971 2739 1040 2790 teste
1059 2737 1154 2790 Proclo
1172 2736 1207 2790 ad
1225 2734 1373 2791 Plat'Iim.
1393 2733 1414 2797 Ι,

213 2821 247 2876 28
267 2820 312 2889 (αλ
334 2819 390 2876 (lic.
410 2819 544 2884 Brut51,
563 2821 625 2889 191)
643 2819 833 2876 Antimachum
853 2821 978 2877 Choerilo
996 2829 1075 2892 poete
1103 2825 1226 2894 quamvis
1250 2823 1353 2878 illustri
1372 2821 1415 2888 (of.

215 2908 287 2963 Suio.
307 2927 328 2963 s.
347 2927 372 2964 v.
402 2908 529 2979 Χαίριλος·
558 2907 610 2961 σίν
637 2917 693 2970 τοῖς
716 2909 859 2982 Ὁμηρικοῖς
885 2910 1126 2981 ἀναγινώσκεσθαι
1152 2912 1305 2984 ἐψηφίσθη)
1329 2912 1418 2980 pluris,

214 2997 374 3052 aestimavit.
410 2998 516 3053 Dicitur
534 2997 606 3068 apud
623 2999 827 3070 Xenophontem
845 3017 939 3056 comm.
959 3002 981 3067 Ι,
1000 3003 1026 3068 4,
1045 3005 1063 3057 3
1082 3003 1116 3057 ab
1135 3001 1311 3066 Aristodemo,
1332 3018 1348 3054 a
1363 3016 1414 3070 quo

218 3089 310 3138 auctor
335 3085 478 3141 dissentire
502 3104 555 3142 non
580 3088 694 3154 videtur,
721 3089 900 3144 admiratione
924 3089 1101 3159 dignissimus
1118 3091 1252 3146 Homerus
1272 3089 1414 3158 epicorum,

217 3171 413 3242 Melanippidss
433 3175 663 3246 dithyramborum
681 3179 849 3247 scriptorum,
871 3179 1014 3248 Sophocles
1032 3181 1205 3249 tragicorum.
1243 3179 1324 3233 Porro
1351 3177 1412 3232 Ari·

216 3261 325 3314 stotoles
354 3277 414 3316 cnm
440 3267 509 3332 poet.
539 3280 595 3333 cap.
616 3267 632 3317 3
657 3283 682 3334 p.
708 3267 795 3322 musa
813 3268 896 3325 Bekk.
935 3267 1092 3338 Sophoclem
1111 3273 1140 3323 et
1157 3267 1364 3337 Aristophanem
1383 3281 1415 3322 er

216 3365 327 3404 numero
342 3351 505 3419 tragicorum
515 3353 727 3424 comicorumque
745 3371 894 3424 proponens
909 3373 963 3411 una
981 3373 1042 3411 cum
1051 3357 1168 3412 Homero
1187 3358 1321 3427 epicorum
1340 3356 1413 3426 prin·

216 3438 274 3507 cipe
300 3443 497 3504 commemoret,
517 3442 612 3494 meritc
632 3443 726 3497 confici
743 3449 834 3512 potest
851 3449 882 3498 ut
901 3446 943 3499 sui
962 3449 1073 3515 uterquc
1093 3448 1199 3515 generis
1218 3446 1304 3516 poesis
1322 3463 1413 3516 praes-

215 3527 385 3582 tantissimus
403 3529 438 3582 ab
456 3527 602 3584 Aristotele
620 3530 730 3584 habitus
749 3534 793 3586 sit.
820 3531 956 3602 Euripidis
975 3540 1067 3589 contra
1087 3536 1198 3590 virtutos
1217 3536 1318 3590 minore
1337 3553 1413 3604 prae·

216 3617 349 3672 dicatione
375 3618 534 3672 Aristoteles
560 3620 606 3674 ll.
626 3636 684 3687 cap.
705 3621 782 3688 lap.
804 3621 890 3677 1453a
909 3624 1001 3677 allicit.
1039 3625 1185 3694 Postquam
1205 3626 1276 3678 enim
1296 3625 1417 3694 exposuit

216 3704 338 3775 ,ἀνάγκη
353 3707 403 3758 τόν
416 3707 501 3767 καλαῖς
516 3709 619 3777 ἔχοντα
633 3711 728 3777 μῦθον
746 3707 851 3761 ἁπλοῦν
869 3696 967 3766 εἶναι..
986 3716 1031 3764 καί
1048 3711 1224 3783 μεταβάλλειν
1243 3713 1272 3778 ἐξ
1291 3712 1417 3784 εὐτυχίας

218 3795 254 3852 είς
268 3793 425 3866 δυστυχίαν,
443 3796 483 3866 μη“
497 3795 544 3848 διά
561 3801 731 3867 μοχθηρίαν,
751 3797 817 3849 α’λλιί
826 3797 861 3850 or’
878 3799 1017 3872 ἁμαρτίαν
1033 3801 1164 3873 μεγάλην.
1184 3801 1201 3865 ἡ
1207 3803 1261 3874 μὲν
1279 3793 1330 3854 οὖν
1347 3802 1417 3854 κατα

218 3879 268 3943 τὴν
291 3885 394 3953 τέχνην
417 3885 538 3949 καλλίστη
564 3885 702 3958 τραγῳδία
727 3885 756 3939 ἐκ
779 3887 878 3953 ταύτης
894 3895 943 3952 τῆς
967 3890 1120 3952 σοοτιίσεοίς
1138 3891 1237 3956 ἐστινίί,
1255 3893 1416 3946 sententiam

218 3969 378 4039 criticorum,
397 3974 444 4043 qui
461 3973 618 4044 Euripidem
636 3975 679 4029 his
697 3978 804 4047 legibus
823 3997 900 4033 usum
918 3981 1115 4050 perstringant,
1130 3981 1290 4036 Aristoteles
1309 3983 1415 4051 impug-

220 4062 363 4130 nutatque
391 4065 424 4116 ob
451 4063 480 4117 id
507 4065 603 4134 ipsum,
633 4065 702 4135 quod
729 4067 778 4120 illa
805 4069 909 4124 ratione
927 4069 1035 4123 fabulas
1055 4072 1239 4140 composuerit,
1259 4069 1416 4140 Euripidem

220 4147 339 4214 appellet
356 4149 464 4218 quidem
489 4153 693 4224 rpaymc'rorcu
718 4159 776 4208 ττίν
799 4157 931 4221 τ’τοιηττίν,
957 4159 1004 4213 sad
1023 4159 1101 4214 addit
1119 4162 1162 4222 „el
1177 4163 1222 4212 καί
1240 4159 1277 4212 τοί
1294 4159 1361 4212 utta
1378 4159 1417 4231 μη“

220 4221 252 4283 εί
278 4235 438 4305 cecropem
477 4238 558 4294 Cuius
586 4243 674 4297 laudis
702 4245 795 4300 modus
814 4263 894 4315 quam
914 4248 949 4300 sit
968 4251 1140 4316 temperatus,
1160 4251 1220 4318 quis
1239 4253 1346 4320 estqui
1364 4266 1416 4308 non
