3386 4986
691 310 911 369 -19-

203 508 322 570 adduoi.
368 505 412 565 At
444 513 607 583 utcumque
645 525 679 566 se
702 523 752 564 res
775 504 876 579 habet,
899 503 956 564 hoo
979 502 1085 580 negari
1108 502 1213 582 nequit
1238 501 1399 572 Quintilia-
1434 538 1436 542 .

204 635 277 676 num
299 631 424 675 namara
447 631 465 672 a
487 611 645 673 veteribus
667 610 869 688 grammaticis
892 612 1044 672 delectum
1067 609 1200 688 aliquem
1219 609 1399 690 scriptorum

204 722 342 782 habitum
366 739 442 780 esse.
489 717 655 788 Quaeritur
677 716 780 794 igitur,
804 717 901 794 qualis
923 718 950 778 is
971 718 1066 792 fuerit
1087 735 1207 778 census.

293 825 425 886 Proinde
458 824 638 902 diligentius
665 823 839 884 intueamur
861 823 1041 892 Quintiliani
1065 825 1103 901 (I,
1127 829 1156 900 4,
1182 828 1198 884 1
1224 823 1303 902 sqq.)
1326 823 1401 884 haec

206 935 314 994 verba:
361 931 501 1007 „Primus-
529 931 562 990 in
593 951 637 1004 eo,
665 929 717 1009 qui
745 929 896 990 scribendi
919 931 1103 1010 legendique
1126 931 1256 1010 adeptus
1279 929 1337 990 erit
1359 931 1400 990 fa·

207 1041 361 1113 cultatem,
402 1037 605 1116 grammaticis
643 1047 690 1097 est
731 1038 824 1100 locus.
870 1036 935 1097 Neo
967 1037 1063 1098 refert
1094 1037 1133 1096 de
1157 1035 1277 1098 Graeco
1301 1055 1339 1098 an
1362 1039 1401 1098 de

207 1145 313 1207 Latino
345 1145 458 1224 loquer,
490 1164 672 1223 quamquam
695 1144 848 1207 Graecum
871 1161 939 1205 esse
962 1144 1094 1224 priorem
1117 1143 1224 1224 placet.
1271 1142 1401 1224 Utrique

207 1254 312 1314 eadem
350 1253 399 1314 via
437 1255 492 1314 est.
539 1251 624 1312 Haec
664 1251 759 1330 igitur
790 1250 936 1332 professio
974 1270 1042 1311 curn
1066 1249 1245 1310 brevissime
1268 1251 1300 1310 in
1324 1251 1401 1312 duas

207 1363 307 1440 partes
339 1358 502 1434 dividatur,
535 1363 619 1420 recte
650 1358 792 1437 loquendi
821 1357 978 1419 scientiam
1002 1361 1034 1418 et
1057 1361 1215 1438 poetarum
1238 1357 1399 1420 enarratio-

206 1485 283 1542 nem,
314 1466 383 1547 plus
406 1467 500 1526 habet
521 1466 554 1524 in
576 1452 701 1526 recessu
723 1483 812 1543 quam
836 1466 935 1526 fronte
958 1465 1123 1547 promittat.
1170 1463 1248 1524 Nam
1272 1469 1303 1524 et
1326 1465 1416 1526 scri.

206 1573 297 1634 bendi
318 1573 397 1634 ratio
421 1571 581 1632 coniuncta
604 1591 674 1632 cum
697 1572 849 1650 loquendo
873 1579 920 1634 est
943 1577 975 1634 et
998 1571 1219 1634 enarrationem
1242 1572 1399 1652 praecedit

205 1681 365 1742 emendata
392 1678 481 1739 lectio
506 1683 537 1739 et
559 1678 690 1740 mixtum
713 1678 760 1739 his
783 1678 922 1740 omnibus
944 1679 1088 1740 iudicium
1113 1683 1172 1756 est;
1196 1699 1255 1758 quo
1279 1678 1402 1758 quidem

204 1789 248 1850 ita
280 1806 388 1846 severe
418 1791 489 1846 sunt
512 1786 559 1846 usi
582 1791 704 1848 veteres
727 1786 926 1865 grammatici,
950 1793 1068 1848 utnon
1090 1805 1199 1846 uersus
1221 1785 1310 1846 modo
1332 1805 1401 1846 oen-

201 1894 280 1954 soria
320 1893 450 1971 quadam
489 1894 610 1973 virgula
648 1899 753 1956 notare
782 1903 814 1955 et
846 1893 949 1968 libros,
982 1893 1034 1972 qui
1057 1893 1133 1955 falso
1156 1893 1336 1954 uiderentur
1357 1894 1401 1952 in-

202 2000 315 2082 seripti,
349 2005 501 2080 tamquam
525 2002 664 2062 subditos
687 2021 879 2063 summovere
902 1999 1016 2060 familia
1040 2000 1235 2082 permiserint
1257 2000 1324 2075 sibi,
1348 2001 1402 2062 sed

200 2112 339 2170 auctores
372 2108 447 2169 alios
479 2108 509 2165 in
542 2108 679 2168 ordinem
702 2107 887 2186 redegerint,
911 2108 986 2168 alios
1009 2107 1130 2167 omnino
1153 2107 1326 2168 exemerint
1348 2127 1401 2167 nn·

201 2219 311 2276 mer0.“

289 2321 350 2391 Qui
382 2321 524 2382 hocloco
547 2322 687 2380 auctores
709 2320 912 2398 intellegendi
935 2321 1005 2395 sint,
1028 2320 1187 2382 manifeste
1210 2323 1338 2412 apparet
1361 2341 1401 2382 ex

200 2427 304 2488 verbis
336 2447 464 2503 „versus
496 2429 619 2488 notare“
647 2433 679 2487 et
711 2447 752 2486 ex
784 2427 837 2503 eis,
871 2445 949 2506 quae
972 2426 1073 2488 addit:
1121 2426 1205 2503 „Nec
1228 2432 1332 2510 poetas
1355 2429 1398 2489 le-

200 2534 282 2614 gisse
315 2534 390 2596 satis
422 2541 482 2610 est3
514 2532 734 2594 excutiendum
757 2553 844 2594 ornne
868 2533 1049 2614 scriptorum
1072 2553 1169 2613 genus
1193 2555 1252 2597 non
1274 2537 1400 2616 propter

203 2641 344 2704 historias
379 2641 475 2716 modo,
508 2641 562 2702 sed
594 2641 691 2702 verba
715 2629 801 2720 'quae
823 2641 999 2720 frequenter
1020 2641 1069 2703 ius
1091 2643 1129 2704 ab
1153 2642 1328 2704 auctoribus
1350 2663 1398 2704 su·

202 2753 317 2810 munt.“
371 2748 429 2810 His
460 2748 551 2810 dictis
582 2747 656 2827 quid
688 2746 856 2828 liquidius?
910 2746 989 2808 Nam
1022 2749 1090 2828 quis
1122 2753 1178 2825 est,
1201 2751 1254 2829 qni
1277 2750 1398 2811 dubitet

202 2855 275 2935 quin
308 2856 352 2916 eis
375 2855 593 2932 „auctoribus“,
617 2877 745 2936 quorum
769 2856 921 2916 delectum
944 2855 1058 2916 factum
1077 2875 1145 2917 esse
1169 2860 1280 2931 namet,
1304 2855 1397 2936 scrip·

203 2965 284 3022 tores
316 2961 459 3024 orationis
491 2962 608 3024 solutae
640 2963 744 3024 verbis
776 2983 851 3039 „neo
874 2966 978 3042 poetas
1001 2983 1027 3022 e.
1051 2984 1079 3042 q.
1104 2967 1146 3024 s.“
1192 2962 1400 3032 Quintilianus

203 3069 377 3146 opposuerit
414 3070 544 3149 ideoque
584 3075 689 3150 politas
730 3071 783 3132 illo
815 3070 882 3132 loco
915 3067 1144 3148 designaverit?
1193 3070 1298 3147 Atque
1331 3087 1398 3128 cnm

204 3173 305 3251 pergit
336 3175 461 3235 addere:
494 3183 578 3253 „tum
609 3197 709 3256 neque
733 3177 808 3239 citra
829 3177 965 3237 musicen
989 3176 1184 3254 grammatica
1207 3179 1399 3256 potestesse

203 3280 338 3361 perlecta
350 3329 357 3341 .
369 3327 376 3341 .
388 3299 479 3342 ..neo
502 3283 527 3342 ai
550 3282 696 3344 rationem
720 3285 853 3345 siderum
876 3282 1006 3360 ignoret,
1028 3285 1156 3364 poetas
1179 3281 1342 3360 intellegat
1354 3330 1360 3344 .
1373 3331 1397 3344 ..
1465 3279 1468 3287 '

201 3407 258 3448 nec
291 3387 397 3466 ignara
419 3387 653 3469 philosophiae“‚
676 3392 842 3471 genuinum
865 3389 903 3450 ad
926 3408 1036 3450 munus
1059 3388 1248 3468 grammatici
1271 3409 1331 3450 non
1354 3410 1399 3452 so-

199 3497 262 3556 lum
296 3495 432 3557 studium
464 3493 619 3571 librorum,
652 3498 704 3577 qui
734 3517 824 3579 prosa
846 3495 981 3558 oratione
1005 3495 1168 3577 conscripti
1191 3496 1260 3573 sint,
1292 3517 1400 3558 verum

201 3603 292 3664 etiam
316 3602 417 3666 studia
439 3600 581 3678 musicae,
604 3603 814 3679 astronomiae,
836 3603 1044 3685 philosophiae
1067 3603 1152 3684 quasi
1176 3603 1329 3666 subsiciva
1351 3623 1397 3666 ao-

201 3711 312 3773 oedent
343 3715 483 3791 oportere
517 3707 724 3778 Quintilianus
758 3711 873 3772 edocet.
922 3711 1072 3782 Quocirca
1095 3711 1120 3772 si
1143 3710 1242 3772 minus
1265 3710 1397 3773 omnium

202 3818 391 3898 scriptorum,
427 3822 459 3878 at
491 3819 651 3897 poetarum
674 3817 828 3879 delectum
851 3820 975 3881 veteres
998 3817 1209 3898 grammaticos
1230 3818 1398 3881 instituisse

203 3941 243 3981 ex
266 3924 447 3993 Quintiliani
479 3924 583 3985 verbis
615 3914 693 3985 effici
725 3929 835 4006 potest
881 3913 995 3987 Verum
1020 3927 1100 3987 enim
1123 3946 1196 3988 vero
1221 3945 1290 3986 oum
1313 3929 1397 3985 vete-

202 4047 252 4088 res
284 4031 470 4108 grammatici
498 4031 549 4092 alii
572 4033 628 4093 hoc
651 4032 717 4094 loco
739 4031 879 4112 intellegi
902 4038 1056 4113 nequeant
1077 4039 1170 4113 atquc
1193 4031 1397 4094 Alexandrini
1496 4037 1503 4057 ¹

202 4171 245 4184 -
278 4138 433 4200 notissima
465 4143 512 4200 est
544 4159 647 4202 eorum
679 4141 836 4218 „censoria
867 4139 1007 4220 virgula“
1040 4140 1107 4202 sive
1140 4129 1255 4221 ὀβελὸς
1277 4173 1329 4214 ——,
1362 4158 1398 4200 ea

202 4245 415 4322 grammaticae
438 4246 572 4307 delinitio
596 4266 685 4353 quam
707 4248 738 4307 in
762 4249 866 4309 schola
883 4248 1080 4308 Aristarchea
1102 4246 1235 4308 valuisse
1257 4247 1396 4327 probabi-

1183 4349 1219 4401 2*
