3386 4986
710 315 928 386 ..47-

222 531 329 581 norum
357 514 464 600 utique
487 517 663 582 referendos
686 523 754 582 esse
777 539 868 601 quam
890 537 970 582 rana
993 521 1025 581 st
1047 516 1157 580 rutulis
1179 515 1221 578 sit
1242 514 1355 598 opinio,'
1373 533 1418 578 sa·

219 623 259 688 tis
291 643 445 707 superque
472 626 546 688 mihi
568 626 675 689 uideor
698 627 932 690 demonstrasse.
979 625 1095 690 Verum
1119 623 1201 684 enim
1223 641 1297 685 vero
1319 626 1416 684 matu·

219 733 331 793 endum
355 737 411 808 est,
444 753 483 795 ne
515 733 703 814 pedestrium
736 731 923 814 scriptorum,
947 751 1073 810 quorum
1103 749 1216 811 genera
1239 728 1417 792 sciscitando

220 841 348 920 exsequi
381 855 501 922 tempus
533 845 589 916 est,
621 840 739 902 numeri
772 841 811 902 ab
844 837 949 901 officiis
975 838 1096 900 illorum
1120 835 1338 899 multominus
1361 835 1417 899 ori-

221 945 321 1024 ginem
337 947 504 1012 'traxerint

310 1159 376 1222 Iam
408 1161 667 1227 adoraturum
689 1158 905 1244 Attlcorum,
937 1178 1015 1239 quae
1038 1157 1158 1233 dicitur,
1181 1158 1328 1222 decadem
1349 1177 1416 1242 pro·

222 1266 402 1346 gradiamur.
449 1269 571 1330 Priscae
604 1269 795 1350 eloquentiae
827 1266 948 1329 Atticae
981 1267 1120 1328 delectus
1151 1267 1232 1346 quod
1254 1265 1416 1347 aliquando

108 1389 110 1392 ·
220 1373 378 1436 institutus
408 1381 456 1438 est
488 1383 580 1458 atque
611 1375 889 1458 probatissimorum
918 1373 1130 1436 innumerum
1154 1375 1258 1436 decem
1282 1378 1417 1438 oratores

220 1481 334 1562 recepti
367 1487 447 1570 sunt,
480 1483 570 1544 huius
601 1483 645 1544 rei
678 1481 850 1544 testimonia
877 1499 954 1561 quae
977 1479 1112 1541 Meierus
1135 1498 1236 1562 opusc.
1261 1481 1321 1544 vol.
1345 1482 1363 1542 1
1385 1501 1414 1562 p.

220 1591 282 1650 120
307 1607 351 1668 sq.
385 1589 517 1668 collegit,
551 1589 758 1667 auctoribus
781 1587 894 1650 affatim
918 1588 1037 1651 dantur.
1084 1585 1162 1649 Sunt
1184 1587 1304 1648 decadis
1326 1588 1413 1650 Anti-

216 1693 298 1775 phon
338 1695 512 1758 Andocides
550 1697 660 1779 Lysias
691 1697 844 1758 Isocrates
878 1695 985 1757 Isaeus
1009 1694 1172 1776 Lycurgus
1194 1693 1415 1756 Demosthenes

216 1799 387 1862 Aeschines
405 1801 582 1885 Hyperides
605 1803 784 1866 Dinarchus.
798 1802 840 1883 ³¹)
886 1801 972 1872 Quae
995 1821 1054 1881 quo
1078 1809 1213 1883 tempore
1237 1801 1276 1864 sit
1298 1803 1413 1866 confec·

217 1911 256 1984 ta,
290 1907 504 1987 inquirendum
532 1916 589 1976 ost.
635 1910 727 1972 Hunc
758 1910 921 1985 delectum,
954 1912 990 1970 ut
1015 1911 1100 1969 recte
1122 1907 1258 1990 percepit
1280 1908 1415 1972 Meierus

218 2013 268 2076 l.l.
291 2031 320 2096 p.
347 2019 418 2092 132,
443 2023 475 2079 et
497 2018 663 2079 Panaetius
686 2015 813 2093 Stoicus,
837 2015 890 2096 qui
912 2014 1090 2076 Aristarcho
1112 2014 1229 2094 aliquot
1250 2016 1337 2078 annis
1359 2018 1412 2080 mi·

218 2141 274 2183 nor
296 2121 418 2206 erat³²l
447 2129 479 2186 et
502 2123 672 2206 Scipionem
695 2123 874 2184 Africanum
897 2121 1047 2196 Minorem
1070 2121 1101 2182 in
1125 2121 1303 2204 Aegyptum
1326 2125 1415 2188 comi·

218 2232 302 2290 tatus
334 2233 382 2290 est
413 2231 462 2306 (cf.
495 2229 556 2293 Dic.
586 2229 681 2292 Aead.
704 2230 745 2306 Il,
769 2233 832 2307 25),
855 2227 888 2291 'et
911 2227 1085 2290 Demetrius
1108 2228 1238 2308 Magnes
1261 2227 1414 2293 Ciceronis

217 2333 354 2411 aequalis
368 2334 525 2413 ignorasse
548 2336 699 2398 videntur.
746 2335 865 2407 Quibus
888 2336 914 2397 si
937 2336 1026 2396 decas
1050 2337 1202 2396 oratorum
1223 2335 1413 2416 innotuisset,

217 2437 267 2498 hic
306 2439 338 2499 in
378 2440 456 2503 libro
489 2437 588 2526 ,,περλ
621 2431 797 2522 ὁμωνύμων
829 2443 976 2528 ποιητῶν
1010 2435 1067 2503 καὶ
1101 2437 1332 2529 συγγραφέων(
1363 2444 1412 2527 (cf.

218 2541 305 2610 Dion.
338 2545 409 2610 Hal.
442 2547 481 2608 de
508 2549 577 2610 Din.
599 2548 662 2612 iud.
686 2567 711 2610 o.
736 2553 753 2612 1
777 2565 806 2630 p.
832 2553 893 2611 631
919 2548 971 2629 R.)
993 2549 1178 2611 Dinarchum
1200 2571 1260 2613 non
1283 2571 1411 2614 summa·

216 2650 270 2712 tim
295 2657 443 2716 oratorem
466 2650 525 2734 „da
547 2655 612 2718 τῶν
631 2645 822 2731 Ἀττικῶν“,
847 2656 901 2716 sed
923 2655 1024 2737 potius
1047 2650 1105 2734 „e'u
1128 2657 1194 2719 τῶν
1216 2652 1296 2719 δέκα
1319 2649 1412 2744 ρητό-

216 2779 280 2843 ρων
317 2761 383 2822 τῶν
417 2752 611 2826 Ἀττικῶν(
649 2763 787 2840 dixisset,
826 2761 989 2824 Panaetius
1018 2769 1121 2826 autem
1143 2783 1203 2826 non
1227 2765 1411 2847 scripsisset:
1506 2779 1509 2788 ·

215 2865 509 2957 ,,Δημοσθένης...
550 2861 611 2932 oria
646 2865 681 2932 ἐν
720 2871 767 2954 τῷ
799 2862 884 2932 κατὰ
907 2865 1102 2954 Μοιροκλέα
1124 2865 1182 2932 καὶ
1205 2862 1412 2935 Πολύευκτον

215 2969 274 3033 καί
304 2965 498 3064 Ὑπερείδην
529 2969 666 3062 ἀριθμῷ
698 2977 763 3040 τῶν
791 2966 943 3062 ῥητόρων,
967 2967 1036 3038 ἀλλ’
1062 2967 1128 3040 δίνω
1150 2971 1233 3058 μετὰ
1255 2972 1412 3058 Κίμωνος

216 3073 273 3136 καί
307 3078 509 3145 Θουκυδίδου
541 3080 599 3146 καὶ
637 3079 839 3168 Περικλέους
870 3072 964 3162 ίίξιος
986 3069 1024 3170 ἦν
1046 3079 1233 3148 elusatum
1256 3085 1408 3162 (ct-Plut.

217 3181 271 3243 vit.
304 3185 458 3252 Demosth.
492 3209 515 3249 c.
550 3193 613 3267 13).
659 3191 776 3252 Deinde
805 3189 910 3254 Cicero
932 3191 965 3252 in
987 3191 1074 3252 libris
1096 3191 1256 3254 rhetoricis
1278 3192 1409 3272 quoties·

215 3307 345 3370 cumque
383 3292 536 3356 historiam
565 3295 757 3373 eloquentiae
779 3300 901 3361 Atticae
925 3301 1044 3374 tractat,
1068 3319 1127 3360 non
1150 3301 1238 3361 modo
1261 3299 1406 3361 decadem

215 3414 275 3457 non
309 3401 563 3478 commemorauit,
596 3403 651 3462 sed
682 3423 721 3464 ne
744 3425 804 3468 uno
827 3407 950 3486 quidem
968 3407 1063 3467 uerbo
1086 3404 1253 3468 Andocidis
1276 3411 1309 3469 et
1330 3407 1410 3470 Isaei

211 3504 396 3566 mentionem
413 3506 492 3569 lecit.
518 3507 633 3570 Verum
647 3508 871 3587 „Demostheni
887 3510 928 3572 ait
942 3509 1046 3574 Cicero
1057 3513 1142 3578 Brut.
1159 3517 1188 3590 9,
1205 3517 1256 3590 36,
1271 3511 1407 3596 Hyperi·

214 3609 270 3671 des
301 3612 459 3690 proximus
492 3619 524 3676 et
546 3613 717 3677 Aeschines
747 3616 806 3677 luit
829 3621 861 3678 et
882 3599 1046 3698 Lycurgus
1069 3625 1101 3682 et
1123 3620 1294 3683 Dinarchus
1317 3627 1350 3683 et
1374 3621 1410 3696 is,

210 3751 423 3766 *Ἢ-

284 3823 319 3890 ⁸¹)
338 3823 366 3878 Si
394 3826 514 3880 consulto
543 3825 572 3879 in
599 3825 694 3880 tabula
713 3823 794 3880 Coisl.
813 3827 848 3894 (ξ.
868 3827 912 3894 10)
931 3843 963 3881 ex
981 3825 1036 3881 illis
1054 3827 1205 3886 Dinarchus
1224 3831 1297 3886 etin
1316 3832 1410 3886 tabula

211 3905 289 3965 Bodl.
308 3914 344 3980 (ξ.
363 3913 418 3983 Ill)
437 3915 530 3970 leacus
549 3915 754 3984 praetermissus
773 3918 823 3981 est,
842 3915 871 3970 id
890 3933 923 3970 ne
942 3916 1018 3971 flocci
1035 3919 1143 3986 quidem
1161 3920 1310 3990 pendimus.

282 3998 318 4067 ⁸⁹)
336 4000 506 4058 Aristarchus
533 4004 604 4058 circa
632 4005 729 4076 olymp.
759 4005 874 4075 156s157
903 4007 947 4076 (cf.
974 4007 1152 4063 Ritsohelium
1179 4010 1225 4068 l.l.
1244 4026 1270 4078 p.
1291 4010 1336 4078 73)
1365 4009 1409 4062 vel

211 4086 285 4142 circa
303 4089 399 4160 olymp.
421 4092 534 4156 159s160
562 4093 604 4162 (cf.
623 4093 802 4149 Schmidtium
820 4095 849 4149 in
867 4095 965 4151 Philol.
984 4097 1035 4155 vol.
1055 4097 1109 4151 VII
1127 4116 1153 4168 p.
1173 4100 1243 4166 368),
1263 4098 1409 4152 Panaetius

212 4180 304 4230 autem
332 4179 402 4232 circa
430 4196 453 4232 a.
473 4197 498 4236 u.
528 4181 580 4234 642
604 4187 724 4239 mortuus
743 4187 786 4239 est
803 4183 847 4255 (cf.
867 4185 1012 4242 Bachrium
1030 4187 1059 4240 in
1078 4187 1174 4258 Paulyi
1193 4187 1293 4258 encycl.
1313 4187 1408 4243 volV
1527 4220 1528 4224 κ

209 4281 233 4335 p.
255 4263 344 4335 1102).
