3386 4986
688 349 907 410 ..43-

196 531 308 628 φάνης,
333 541 391 628 τῆς
414 537 450 604 δὲ
472 537 574 628 μέσης
596 538 653 606 καὶ
677 533 779 629 αὐτῆς
800 538 861 624 μὲν
883 537 1004 606 πολλοὶ
1027 531 1206 624 γεγόνασιν,
1232 537 1397 630 ἐπίσημος

196 645 232 712 δὲ
254 638 453 714 Πλάτων...
478 650 536 736 τῆς
559 645 596 712 δὲ
619 645 693 724 νέας
716 645 881 736 ἐπίσημος
905 639 923 712 ὁ
946 643 1168 735 Μένανδροςίί.
1206 651 1300 714 Porro
1324 672 1396 716 ano·

195 777 308 838 nymus
324 753 403 842 περὶ
419 752 596 841 κωμῳδίας
611 757 717 838 (Mein.
741 758 791 822 l.l.
813 775 842 838 p.
868 760 941 834 539,
965 763 985 820 4
1009 751 1141 840 ,ηέγονε
1165 751 1202 820 δὲ
1224 758 1283 844 τῆς
1306 750 1395 844 πρώ-

194 887 253 951 της
284 859 461 948 κωμῳδίας
493 854 630 949 ἷίριστος
663 847 756 940 οὗτος
780 853 1055 949 ὁἈριστοηάνης
1076 851 1315 944 καὶιΕἴτταλις,
1338 867 1397 953 τῆς

196 967 233 1034 δὲ
265 956 600 1055 δοντὲραςἬλάτων,
634 970 692 1056 τῆς
725 965 762 1032 δὲ
784 965 898 1056 τρίτης
915 965 1148 1056 ·Μὲνανὸρος“)
1171 983 1204 1032 et
1226 990 1396 1054 anonymus

197 1076 398 1151 iiramerill.
418 1099 446 1161 p.
467 1081 487 1140 4
511 1083 544 1140 et
567 1077 617 1140 alii
635 1078 791 1144 Platonem
814 1080 852 1138 ab
872 1076 1079 1158 Aristophane
1101 1077 1273 1160 ceterisque
1294 1081 1394 1164 politis
1465 1151 1470 1161 ,

198 1185 310 1248 diserte
338 1189 567 1268 separaverunt
581 1195 673 1266 atque
697 1185 815 1248 mediae
839 1185 1010 1248 comoediae
1032 1183 1199 1266 prinoipem
1222 1187 1394 1268 appellave-

200 1297 279 1356 runt.
326 1292 386 1356 Sed
417 1293 540 1370 rectius,
572 1294 672 1373 quode
704 1292 891 1360 illeinelrins¹
911 1292 961 1354 ll
994 1313 1022 1374 p.
1049 1294 1111 1356 160
1136 1291 1280 1375 disputat,
1304 1295 1392 1358 Plato

197 1398 413 1464 continuationi
427 1399 649 1482 Aristophanis,
666 1399 843 1480 Phryniehi,
867 1398 993 1460 aliorum
1016 1399 1065 1474 (of.
1090 1396 1173 1460 Suid.
1198 1421 1221 1464 s.
1245 1419 1276 1463 v.
1299 1392 1392 1464 Πλά-

198 1526 261 1568 των
283 1496 484 1592 ,,Ἆθηναῖος
506 1499 661 1588 κωμικὸς,
686 1498 826 1588 γεγονώς
849 1505 922 1580 τοῖς
942 1494 1072 1590 χρόνοις
1094 1497 1179 1566 κατὰ
1191 1495 1392 1593 Ἀριστοφά-

196 1634 258 1700 νην,
283 1603 452 1698 Φρύνιχον,
476 1602 623 1676 Εὔπολιν
654 1610 712 1676 καὶ
738 1603 975 1699 Φερεκράτην’)
1007 1611 1182 1701 annectitur
1212 1613 1391 1698 priscaeque

194 1701 367 1783 comoediae
399 1722 496 1783 fertur
517 1727 613 1803 potita.
628 1720 668 1798 ¹⁸)
715 1721 814 1792 Quam
837 1723 877 1784 ad
900 1717 1070 1802 opinionem
1093 1719 1145 1798 qui
1164 1713 1300 1804 accessit
1317 1741 1393 1784 ano·

194 1831 243 1889 tor
275 1826 454 1908 scriptorum
479 1829 559 1890 tebb.
584 1826 674 1892 Coisl.
699 1827 726 1908 ἕ.
753 1831 769 1890 7
795 1833 827 1892 et
850 1827 937 1893 Bodl.
962 1823 988 1906 §-
1012 1825 1045 1886 X
1067 1845 1109 1888 ex
1132 1825 1254 1890 comicis
1275 1828 1393 1895 mediae

195 1933 306 1995 aetatis
341 1933 415 2010 eins,
449 1953 539 2015 qnam
567 1935 669 1998 dicere
701 1955 781 2000 nunc
814 1917 954 2017 plurimis
985 1933 1096 2014 plaoet,
1128 1931 1334 2014 Antiphonem
1362 1943 1394 2000 et

199 2039 323 2102 Alexim
354 2042 520 2124 proposuit.
567 2041 599 2104 Si
629 2042 725 2122 igitur
756 2042 825 2123 quis
848 2060 918 2104 cum
940 2039 1125 2108 Ruhnkenio
1148 2058 1167 2100 a
1188 2041 1393 2120 grammaticis

197 2145 416 2210 Alexandrinis
435 2169 487 2212 eos
499 2151 641 2230 probatos
665 2169 733 2212 esse
756 2147 870 2230 opinari
893 2147 977 2223 velit,
1001 2164 1086 2208 suam
1109 2145 1166 2208 sibi
1189 2148 1302 2230 habeat
1324 2169 1392 2224 con-

195 2255 354 2317 iecturam!
401 2253 462 2314 Sed
490 2273 545 2316 nos
576 2258 612 2315 ut
642 2253 739 2333 magis
770 2254 929 2334 magisque
960 2253 1081 2314 illarum
1105 2254 1279 2332 tabularum
1301 2255 1391 2320 fidem

197 2360 406 2440 despiciamus,
422 2359 546 2420 adducti
562 2359 649 2422 iustis
665 2360 763 2422 causis
779 2379 892 2422 sumus.
925 2359 1089 2422 Praeterea
1111 2361 1273 2447 unicuique
1296 2364 1393 2429 verba

198 2465 342 2548 anonymi
373 2459 452 2548 περὶ
481 2460 657 2548 κωμῳδίας
680 2467 733 2546 qui
755 2467 883 2528 eandem
907 2465 1110 2530 distribuendi
1133 2468 1214 2535 vien
1236 2467 1394 2549 ingressus

196 2575 244 2634 est
266 2573 306 2654 (p.
328 2576 400 2647 537,
421 2575 440 2633 6
460 2570 553 2632 Mein.
578 2573 656 2659 „reg
670 2568 774 2659 μέσης
788 2566 1002 2656 κωμῳδίας..
1026 2565 1114 2654 εἰσὶν
1132 2565 1391 2658 ἀξιολογώτατοι

196 2668 395 2766 Ἀντιφάνης
433 2674 490 2740 καὶ
528 2681 558 2742 Σ
565 2675 810 2767 τὲφανοςίι),
838 2681 997 2763 scrupulos
1029 2680 1153 2744 iniciant
1183 2702 1310 2746 necesse
1334 2689 1390 2757 est.

194 2785 302 2867 Neque
326 2791 401 2863 erat,
425 2805 479 2848 cur
502 2806 572 2848 eum
594 2787 694 2851 locum
717 2787 852 2850 Alexide
875 2807 930 2870 pro
953 2785 1107 2869 Stephano
1123 2789 1295 2852 'substituto
1315 2791 1391 2854 Mei-

193 2893 303 2956 nekins
333 2893 424 2956 nimio
453 2893 622 2956 coniciendi
645 2894 745 2958 studio
768 2899 924 2976 permotus
946 2895 1120 2974 corrigeret.
1167 2894 1212 2958 At
1233 2897 1318 2973 heus,
1342 2917 1390 2960 ee·

194 2999 267 3077 quid
285 2999 373 3060 vides
390 2999 555 3081 Apuleium
578 3001 641 3066 flor.
665 3003 733 3064 libr.
757 3001 811 3064 III
835 3020 916 3062 num.
942 3005 982 3064 16
1006 3000 1191 3064 tradidisse?
1238 3003 1390 3074 Quicum

195 3103 281 3164 dicit:
314 3109 421 3184 „poeta
452 3107 510 3168 fuit
532 3106 690 3172 Philemon
721 3107 840 3170 mediae
873 3107 1044 3172 comoediae
1072 3107 1207 3190 scriptor.
1254 3110 1388 3174 Fabulae

194 3229 262 3270 oum
280 3209 448 3272 Menandro
468 3212 501 3274 in
524 3233 633 3278 scaena
655 3214 783 3278 dictami
805 3205 996 3294 certauitque
1019 3233 1087 3278 enm
1110 3233 1168 3288 co:¹
1183 3215 1311 3280 fortasse
1332 3215 1387 3278 im·

194 3333 258 3397 par,
291 3319 375 3378 certe
408 3319 579 3401 aemulus‘(
593 3340 693 3383 nonne
715 3323 771 3384 hac
792 3321 825 3384 in
848 3319 1050 3402 descriptione
1073 3321 1253 3402 comoediae,
1277 3343 1337 3403 qua
1360 3325 1388 3386 ei

194 3423 308 3500 comici,
330 3443 406 3503 qnos
421 3422 472 3484 alii
495 3443 592 3486 novae
615 3427 786 3492 comoediae
808 3431 1018 3504 annumerant,
1039 3426 1122 3492 inter
1142 3432 1248 3510 poetas
1270 3430 1388 3498 medice

265 3670 300 3737 so)
319 3669 383 3738 Ipsa
407 3670 544 3725 comoedia
562 3671 673 3740 antiqua
690 3677 840 3741 temporum
858 3672 1030 3728 distinctione
1048 3674 1077 3727 in
1095 3674 1243 3754 peculiares
1261 3679 1352 3744 partas
1370 3693 1386 3730 a

194 3758 328 3812 nonnullis
356 3757 463 3820 videtur
490 3778 549 3814 esse
568 3761 719 3818 distributa.
756 3761 827 3816 Nam
845 3761 943 3817 Suidae
962 3779 993 3816 ex
1012 3763 1100 3818 verbis
1118 3781 1139 3820 s,
1159 3781 1183 3820 v.
1201 3757 1388 3836 Ἀριστομένης

194 3843 346 3908 »Ἀθηναῖος
358 3847 475 3919 κωμικός
494 3854 550 3902 ταῖν
568 3848 748 3921 ἐσιδεντέρων
765 3854 812 3913 τῆς
829 3848 949 3922 α’ρχαίας
966 3851 1116 3923 κωμῳδίας,
1134 3852 1163 3904 οἳ
1179 3839 1250 3916 ἦσαν
1268 3852 1313 3905 ἐπὶ
1330 3859 1387 3908 τοῖν

197 3932 469 3998 Πελοποννησιακῶνα
493 3942 521 3992 et
539 3956 560 3994 s.
579 3956 603 3994 v.
640 3937 776 4012 Φρύνιχος
802 3938 955 4004 »Ἀθηναῖος
982 3940 1099 4013 κωμικός
1124 3946 1181 3994 τοῖν
1205 3940 1387 4016 ἐπιδιντέρων

196 4026 243 4084 τῆς
270 4019 387 4093 dolatos
413 4025 571 4098 κωμῳδίαν(
598 4029 749 4086 Meinokins
780 4029 888 4100 quidem
913 4031 931 4087 l.
948 4032 966 4090 l.
993 4048 1020 4101 p.
1045 4031 1096 4086 211
1121 4032 1254 4101 perspexit
1282 4036 1385 4088 veteres

195 4113 300 4168 criticos
327 4113 477 4169 comoediae
502 4121 595 4185 poetas
622 4120 649 4173 in
669 4103 737 4174 diras
756 4119 835 4189 quasi
852 4119 951 4175 classes
970 4120 1155 4190 dispescuisse,
1174 4121 1202 4176 in
1222 4121 1385 4191 antiquiores

196 4202 243 4272 qui
270 4204 332 4255 ante
356 4203 458 4258 bellum
484 4205 737 4275 Peloponnesiacum
755 4200 951 4275 inclaruissent,
972 4213 1000 4264 et
1017 4209 1152 4280 aequiores
1170 4211 1217 4279 qui
1235 4209 1301 4278 ipsis
1320 4209 1385 4264 beili

196 4290 361 4360 temporibus
387 4291 525 4348 florerent!
563 4293 615 4350 Sed
639 4295 717 4358 „rods
735 4295 938 4370 lnsdeorlpooo‘
957 4313 1014 4352 esse
1032 4298 1121 4368 potins
1139 4296 1277 4354 inferiores
1295 4302 1384 4356 aetate
