3386 4986
729 363 948 420 ..53-

237 577 288 624 us
311 559 405 622 libros
428 553 622 618 mutemur
643 552 783 616 exereitu
805 552 854 629 sit,
877 552 1073 635 perspiounm
1091 557 1147 616 eet
1182 552 1227 614 At
1249 571 1317 614 oum
1341 552 1440 614 Alex-

235 665 363 728 andriae
393 681 494 742 neque
525 660 597 722 ulle-
623 659 703 740 preti
735 679 807 722 eura
838 679 939 740 neque
965 677 1095 722 oeneure
1117 658 1254 722 adhibite
1284 659 1439 722 volumina

238 773 500 844 oooeerrurentur,
522 766 607 828 illum
630 785 747 829 summo
771 786 863 849 opere
894 765 1030 830 adiutem
1062 769 1155 846 etque
1177 767 1256 829 hano
1278 767 1310 828 in
1331 768 1439 830 orbem

239 877 386 940 librorum
412 875 558 936 falsorum
578 872 695 955 oopiem
718 891 916 954 permagnum
934 893 1002 934 esse
1025 874 1159 936 delatam
1182 878 1218 936 ut
1239 892 1294 935 nos
1316 873 1439 952 quidem

238 985 405 1058 oredemus,
440 986 580 1042 veterum
615 978 795 1041 testimoniis
827 1000 903 1060 opus
935 999 997 1041 non
1020 985 1068 1042 est
1090 981 1141 1059 (ef.
1164 979 1321 1042 notissime
1343 981 1440 1041 verbe

236 1089 358 1164 Geloni,
389 1107 468 1168 quee
501 1087 655 1169 descripte
686 1086 780 1146 hebet
802 1084 991 1147 Ritsohelius
1013 1087 1063 1150 l.1.
1088 1108 1117 1168 p.
1145 1091 1207 1165 19).
1253 1087 1341 1148 Adeo
1364 1106 1439 1148 vero

237 1215 309 1256 oum
341 1194 468 1258 eliorum
501 1193 681 1274 scriptorum
714 1199 779 1253 tum
812 1193 865 1252 vel
892 1192 1026 1266 maxime
1048 1192 1226 1256 Aristotelis
1247 1193 1334 1256 libris
1356 1195 1440 1256 treus

236 1301 441 1364 adhibebatur
458 1300 508 1380 (ef.
531 1300 624 1362 sohel.
648 1298 742 1362 Arist.
766 1297 868 1360 Berol.
891 1320 921 1380 p.
945 1299 1032 1380 282),
1055 1303 1091 1360 ut
1113 1305 1193 1362 teste
1216 1299 1376 1362 Ammonio
1399 1301 1439 1362 ud

238 1406 332 1472 Arist.
356 1406 461 1487 Geteg.
493 1405 553 1468 t'ol.¹
576 1411 620 1468 Se
652 1425 693 1468 ex
716 1404 904 1485 Anelytioon
936 1405 1023 1467 libris
1050 1406 1263 1486 quodraginta,
1294 1425 1375 1486 qnae
1406 1407 1439 1467 in

238 1513 421 1576 bibliotheoe
434 1511 648 1574 Alexandrino
670 1512 843 1588 exstabunt,
866 1517 1011 1591 quattuor
1033 1517 1153 1574 tentum
1174 1517 1281 1574 essent
1302 1513 1438 1592 genuini,

235 1641 280 1682 ex
308 1620 426 1681 duobus
459 1617 641 1697 Getegorion
672 1638 761 1680 nnus,
807 1617 875 1682 Eoo
900 1623 1004 1681 autem
1027 1619 1161 1681 studium
1183 1618 1311 1682 fallendi
1334 1639 1438 1702 operu-

237 1747 298 1806 que
338 1725 530 1809 supponendi
570 1729 758 1807 quantopere
802 1731 909 1807 postea
943 1725 975 1785 in
1009 1725 1076 1808 ipse
1108 1726 1299 1788 Alexandria
1331 1727 1438 1789 animis

159 1841 161 1846 ’
238 1830 388 1913 placuerit
410 1842 442 1894 et
464 1831 582 1894 eulturn
605 1831 654 1908 sit,
678 1852 766 1894 nemo
790 1837 838 1894 eet
861 1832 913 1912 qni
935 1832 1064 1910 ignoret

1679 443 1681 466 ι

1678 469 1681 502 t

1679 587 1681 674 i
