3386 4986
773 300 969 356 ..2-

270 505 327 548 rex
359 491 477 549 tantum
510 488 614 564 abibit
647 493 682 551 ut
704 488 874 552 litterarum
899 488 1087 554 Graecarum
1108 501 1311 572 monumenta,
1335 493 1467 578 quaein

271 611 373 654 omnes
391 596 491 655 terrae
509 593 652 673 regiones
675 594 811 677 dispersa
834 600 898 658 tum
921 597 1083 661 interitura
1106 601 1208 664 nescio
1231 622 1269 664 an
1292 623 1404 685 magna
1426 628 1467 668 ex

270 702 356 778 parte
387 699 510 774 brerint,
543 700 679 780 undique
702 702 834 764 maximo
862 704 963 766 studio
985 704 1191 788 impensisque
1214 710 1308 790 regiis
1331 710 1467 775 Alexan-

270 805 365 866 driam
388 805 578 883 congessisse
602 807 676 869 satis
698 810 835 886 haberet,
863 814 899 872 ut
920 811 1099 874 immensam
1121 812 1267 876 librorum
1290 819 1401 880 molem
1425 857 1467 866 —

271 913 309 972 de
342 929 445 971 eornm
477 912 674 975 multitudine
706 914 909 977 Ritsehelium
940 917 1004 980 1.1.
1033 938 1061 999 p.
1088 922 1149 982 152
1175 941 1240 1005 sqq.
1264 926 1401 988 conform
1424 965 1466 974 —

270 1020 392 1077 curaret
430 1017 635 1096 digerendam.
690 1021 781 1093 Quod
821 1023 981 1085 ordinandi
1018 1045 1129 1088 munus
1162 1033 1349 1112 quantopere
1377 1033 1470 1096 fuerit

271 1141 363 1204 supra
394 1123 476 1185 vires
507 1124 597 1188 unius
624 1127 691 1204 viri,
718 1126 808 1188 facile
831 1128 946 1210 percipi
969 1133 1079 1212 potest.
1124 1132 1216 1195 Adde
1240 1138 1321 1215 quod
1344 1143 1377 1200 et
1398 1141 1467 1202 doc-

271 1229 367 1291 trinae
399 1229 566 1293 litterariae
588 1233 741 1314 praesidia
768 1231 882 1313 exigua
905 1236 1029 1317 erant2)
1052 1243 1085 1301 et
1107 1240 1262 1318 librorum,
1285 1241 1472 1328 „prvdens--

272 1325 424 1421 γράφων“
457 1357 610 1415 numerus,
647 1358 707 1419 qua
741 1341 781 1402 de
817 1360 851 1400 re
893 1341 958 1404 loco
999 1344 1138 1425 epimetri
1179 1347 1349 1428 disputabo,
1386 1351 1467 1412 haud

269 1442 313 1504 ita
349 1462 459 1524 parvas
496 1443 643 1507 afferebat
678 1445 882 1511 diffiniatur.
939 1446 1047 1529 Neque
1080 1451 1175 1531 igitur
1207 1455 1366 1535 quisquam
1398 1457 1465 1530 erit,

271 1549 323 1627 qui
356 1549 485 1624 dubitet,
523 1551 596 1629 quin
638 1551 809 1615 Zenodotus
850 1554 901 1631 qui
943 1555 1117 1621 Ptolemaeo
1158 1561 1357 1645 Philadelpho
1397 1581 1464 1641 reg-

272 1659 363 1718 nante
395 1655 595 1718 bibliothecae
627 1659 794 1739 praefuisse
817 1661 915 1722 fertur
937 1662 987 1740 (cl.
1015 1662 1140 1728 Snidam
1163 1689 1186 1731 s.
1210 1689 1239 1732 v.
1264 1659 1471 1754 Zprridorog),

272 1762 310 1823 ad
342 1761 443 1844 copias
474 1762 619 1824 librorum
651 1766 873 1828 reconditorum
897 1763 1101 1850 disponendas
1124 1774 1220 1836 socios
1243 1775 1299 1836 sibi
1322 1775 1468 1837 adiunxe-

272 1869 321 1934 rit.
366 1867 461 1948 Atqui
495 1869 605 1932 Tnetna
637 1892 665 1952 p.
691 1874 763 1948 117,
798 1878 814 1936 1
849 1895 913 1954 sqq.
937 1874 1017 1941 Keil.
1041 1886 1253 1942 commemorat
1275 1880 1306 1940 in
1326 1884 1468 1963 operibus

271 2029 482 2038 m—-——--——-

272 2102 344 2166 τρίαι
362 2101 411 2148 τοῦ
429 2097 569 2164 Φαληρέως
587 2103 631 2149 καὶ
649 2105 801 2170 γερουσίων
818 2101 920 2173 ἑτέρων
938 2102 1052 2172 ἀνδρῶν
1069 2101 1202 2159 δαπάναις
1219 2101 1365 2169 βασιλικαῖς
1380 2106 1468 2157 ἁπαν-

272 2179 398 2256 ταχόθεν
416 2185 464 2244 τοὶς
482 2187 583 2255 βίβλους
601 2191 637 2247 εἰς
650 2188 852 2260 Ἀλεξάνδρειαν
871 2190 991 2261 ἤθροισε,
1011 2189 1071 2241 δυσὶ
1088 2189 1265 2257 βιβλιοθήκαις
1283 2190 1381 2250 ταύτας
1400 2192 1466 2243 dns-

272 2277 365 2328 taro.“
409 2277 484 2329 idem
509 2277 565 2332 fero
585 2277 706 2346 produnt
728 2284 757 2333 et
780 2295 928 2350 anonymus
947 2281 1009 2350 napi
1023 2276 1171 2349 κωμῳδίας
1183 2277 1216 2332 in
1235 2275 1356 2332 Crameri
1374 2281 1465 2333 anecd.

273 2365 357 2420 Paris.
377 2365 422 2420 Gr.
441 2367 492 2422 vol.
512 2368 525 2418 l
543 2384 569 2435 p.
588 2369 605 2422 6
625 2385 663 2436 sq.
684 2374 712 2423 et
728 2369 874 2424 scholiasta
892 2369 1034 2422 Plautinus
1052 2368 1123 2436 apud
1142 2367 1320 2422 Riedonum
1339 2367 1385 2423 1.1.
1403 2385 1429 2437 p.
1447 2369 1465 2420 ‘5
1551 2385 1554 2390 ·

274 2461 302 2510 et
330 2455 388 2510 lar.
425 2455 513 2508 Huius
541 2459 631 2510 autom
660 2458 820 2514 scholiastae
847 2458 1057 2522 narratiuncula,
1077 2472 1160 2526 quam
1179 2457 1236 2526 ipse
1256 2475 1306 2523 „ox
1326 2457 1421 2514 Caecio
1439 2459 1467 2512 in

274 2549 421 2597 commento
436 2545 632 2599 comoediarum
645 2544 850 2616 Aristophanis“
870 2561 927 2598 sese
945 2562 1098 2615 nuncupare
1116 2546 1264 2614 profitetur,
1285 2564 1345 2600 curn
1354 2547 1467 2600 Tnebrae

274 2633 470 2701 prolegomenis
497 2639 525 2687 et
551 2635 706 2702 posterioris
733 2635 817 2702 partis
844 2633 952 2701 quidem
976 2649 1036 2687 cum
1056 2635 1143 2688 verbis
1161 2635 1202 2688 ita
1220 2636 1352 2702 congruit,
1372 2639 1403 2688 ut
1421 2651 1468 2688 our

274 2716 351 2776 illum
370 2722 576 2788 grammaticum
594 2725 652 2792 ipsa
670 2723 719 2776 illa
737 2723 818 2774 verbe
831 2707 945 2775 Tzetlae
965 2727 1085 2776 secutum
1104 2741 1160 2776 esse
1179 2739 1316 2790 negemus,
1337 2721 1405 2775 nihil
1423 2723 1466 2776 sit.

276 2808 349 2874 erae
368 2825 429 2862 vero
447 2809 591 2866 Oromenus
603 2803 692 2866 'habet
709 2809 854 2874 simillima,
874 2825 905 2862 ea
924 2813 1037 2879 utraque
1057 2815 1182 2880 exparte
1200 2810 1375 2880 praefationis
1388 2809 1466 2864 Taet-

274 2900 369 2954 aianae
395 2900 461 2967 quin
484 2902 671 2969 conglutinata
689 2900 750 2964 sint,
771 2914 831 2952 cnm
850 2897 968 2953 dubitari
986 2915 1040 2953 non
1058 2901 1150 2968 possit,
1164 2900 1258 2954 =Koilio
1276 2905 1305 2952 et
1322 2900 1468 2954 Ritsehelio

275 2988 318 3056 (oi.
338 2987 385 3046 l.l.
403 3005 428 3058 p.
450 2989 512 3056 218)
530 2991 654 3060 equidem
677 2987 808 3042 assentior
835 2988 1025 3042 recurrendum
1049 3005 1107 3042 asse
1125 3005 1194 3058 quae
1213 3005 1227 3042 e
1247 2989 1336 3042 codice
1355 2988 1467 3042 Ambro-

276 3079 349 3132 siano
377 3078 404 3130 in
432 3078 518 3132 lucem
537 3079 640 3133 Koilius
659 3076 800 3140 vocaverit,
821 3077 856 3130 ad
873 3077 986 3130 Tretnae
1005 3077 1194 3148 prolegomena
1212 3081 1304 3146 utpote
1322 3078 1468 3146 genuinum

276 3159 383 3221 illorum
410 3165 518 3224 iontem.
557 3165 683 3220 Ceterum
698 3163 824 3218 ,Tzetzae
851 3165 918 3220 fides
937 3165 1091 3234 deroganda
1109 3184 1162 3220 non
1180 3170 1222 3220 est
1240 3168 1381 3234 propterea
1398 3164 1469 3234 quod

276 3252 483 3324 Philadelphum
497 3255 637 3309 ‘Demetrio
657 3269 714 3307 esse
732 3269 810 3306 usum
829 3253 920 3308 refert.
957 3255 1106 3309 Nemeum
1125 3255 1267 3324 scriptores
1285 3253 1467 3318 ecelesiastici,

278 3346 326 3397 nbi
353 3345 507 3399 litterarum
525 3359 593 3412 qnae
612 3357 702 3397 sacrae
721 3342 855 3407 dicuntur,
875 3359 891 3395 a
909 3345 1082 3412 septuaginta
1101 3343 1165 3397 viris
1183 3355 1367 3398 conversarum
1386 3343 1468 3395 ratio-

280 3451 328 3488 nes
347 3437 472 3493 tractant.
491 3433 614 3501 opinione
632 3432 702 3484 falsa
720 3431 792 3499 capti
811 3432 877 3484 duos
895 3431 943 3485 hos
962 3433 1032 3487 viros
1050 3434 1201 3486 ammedera
1220 3434 1337 3486 solerent
1349 3429 1391 3495 (oi.
1402 3433 1468 3484 Par·

281 3524 354 3591 theyi
381 3523 441 3578 libr.
467 3523 500 3575 de
519 3538 586 3576 mus.
604 3520 747 3574 Alexandr.
767 3537 792 3589 p.
812 3522 865 3588 37),
885 3521 908 3572 is
927 3537 1001 3575 error
1019 3523 1097 3576 valde
1115 3523 1243 3590 vulgatus
1262 3524 1329 3574 erat.
1366 3519 1469 3574 Deinde

280 3614 347 3665 dnae
375 3612 485 3664 inerunt
513 3609 690 3662 Alexandriae
718 3609 905 3664 bibliothecae.
951 3610 1003 3664 Sed
1028 3611 1060 3664 de
1079 3611 1167 3665 Musei
1184 3615 1292 3663 tantum
1310 3608 1469 3660 bibliotheca

280 3699 350 3754 iriira
368 3705 472 3769 agetur,
492 3698 617 3766 quoniam
636 3699 730 3762 altera,
751 3714 818 3767 quae
836 3699 864 3751 in
883 3698 1018 3766 Serapidis
1036 3698 1137 3766 templo
1156 3701 1222 3761 erat,
1242 3697 1316 3765 copia
1335 3701 1363 3750 et
1380 3697 1469 3749 indole

280 3786 408 3844 librorum
426 3787 510 3842 multo
529 3787 633 3856 sequior
652 3791 711 3840 erat
729 3787 772 3855 (cf.
791 3787 967 3841 Ritschslium
987 3787 1004 3841 l.
1015 3787 1032 3842 l.
1051 3803 1077 3854 p.
1096 3786 1151 3853 26).

352 3878 373 3942 ¹)
393 3878 579 3930 Fundamenta
606 3876 733 3929 historiae
760 3875 913 3946 litterarum
941 3891 1000 3927 cum
1028 3875 1088 3927 aliis
1116 3879 1173 3927 tum
1202 3873 1366 3928 didascalion
1393 3873 1468 3934 libro,

281 3985 347 4036 quos
373 3967 453 4018 libros
476 3967 582 4033 spurios
600 3981 658 4018 esse
676 3965 746 4017 Rose
762 3963 798 4017 de
817 3963 927 4016 Aristot.
947 3962 1008 4016 libr.
1026 3961 1083 4018 crd.
1101 3967 1131 4015 st
1148 3966 1218 4016 auct.
1237 3979 1262 4030 p.
1283 3963 1317 4015 69
1335 3961 1408 4014 haud
1427 3977 1469 4013 sa·

282 4057 317 4109 tis
346 4054 534 4121 comprobavit,
562 4053 721 4107 Aristoteles
747 4052 818 4107 iacit.
856 4050 925 4104 Cum
943 4053 1033 4103 antem
1050 4051 1184 4118 quemad
1201 4051 1309 4104 modum
1327 4050 1398 4102 inter
1415 4049 1469 4118 pri·

283 4141 514 4205 mossoosaoieos,
533 4143 573 4195 lta
590 4143 661 4196 hrter
676 4142 861 4208 discrepantes
879 4137 1093 4207 philosophorum
1112 4143 1197 4192 motas
1216 4137 1348 4205 extemplo
1366 4138 1469 4206 gravia

284 4233 352 4286 dms
379 4229 522 4285 aemulatio
549 4230 727 4283 intercederet
753 4233 834 4296 atque
854 4228 952 4282 eisdem
971 4227 1153 4282 simultatibes
1165 4231 1289 4281 aratores
1307 4231 1335 4280 et
1351 4227 1469 4280 historici
