3386 4986
611 1451 800 1592 cap.
855 1452 975 1574 111.

750 1729 781 1820 ἓ.
822 1731 851 1803 l.

288 1939 412 2003 Dixerit
444 1941 572 2003 fortasse
603 1941 753 2025 quispiam
775 1961 836 2003 non
858 1941 946 2004 modo
971 1941 1202 2018 Quintilianum,
1226 1943 1281 2003 sed
1305 1942 1396 2006 etiam

200 2047 275 2110 alios
307 2048 470 2131 seriptores
502 2049 541 2110 ud
573 2067 651 2124 eum,
684 2048 736 2129 qui
764 2047 973 2110 Alexandriae
1006 2053 1093 2112 actus
1121 2049 1169 2126 sit,
1201 2069 1326 2112 censum
1349 2070 1394 2112 re-

199 2155 338 2237 spexisse
354 2155 485 2234 ideoque
504 2155 570 2217 eius
583 2155 755 2236 imaginem,
774 2155 953 2238 praesertim
967 2175 1035 2218 oum
1049 2155 1131 2216 haud
1141 2174 1209 2217 raro
1220 2157 1302 2237 apud
1312 2159 1397 2219 vete·

196 2282 247 2323 res
278 2262 461 2342 scriptorum
493 2263 632 2324 delectus
659 2263 753 2341 certis
776 2261 910 2324 numeris
932 2261 1049 2324 definiti
1072 2265 1207 2339 exstent,
1230 2282 1321 2344 posse
1343 2264 1395 2326 de·

196 2367 290 2449 pingi.
337 2368 455 2439 Quodsi
486 2367 599 2430 iudicia
630 2368 910 2432 Alexandrinorum
941 2387 1050 2430 verum
1082 2373 1164 2432 esset
1195 2372 1290 2432 totam
1322 2370 1396 2434 anti-

196 2474 345 2554 quitatem
363 2475 493 2554 quodem
512 2477 600 2539 modo
620 2481 755 2540 secutam
779 2497 856 2553 esse,
879 2475 1021 2557 equidem
1044 2476 1206 2540 confiterer
1227 2477 1268 2539 de
1290 2477 1322 2540 vi
1346 2498 1395 2541 ca·

196 2581 292 2658 nonis,
316 2601 407 2662 quem
430 2582 518 2660 dixit,
541 2583 760 2646 Ruhnkenium
784 2585 865 2647 haud
888 2585 992 2667 inepte
1016 2582 1197 2666 disputasse.
1242 2584 1287 2648 At
1309 2591 1395 2666 quot·

195 2692 270 2769 quot
292 2691 348 2752 hoo
366 2708 422 2772 pro
444 2695 528 2754 certo
551 2692 732 2767 habuerunt,
764 2711 869 2754 omnes
900 2693 1012 2754 nubem
1040 2712 1095 2774 pro
1118 2693 1237 2755 Iunone
1259 2692 1394 2774 amplexi

194 2817 262 2858 esse
284 2796 358 2858 mihi
381 2796 534 2860 videntur.
574 2799 640 2860 Iam
664 2797 737 2878 quid
760 2799 800 2861 de
822 2798 876 2860 illa
897 2819 932 2860 re
955 2802 1150 2863 statuendum
1174 2799 1223 2875 sit,
1246 2799 1395 2881 copiosius

194 2921 348 2985 exponere
382 2907 503 2986 tempus
532 2909 588 2970 est.
634 2904 739 2984 Atque
766 2905 898 2986 primum
921 2905 1101 2988 scriptorum
1125 2905 1311 2970 Graecorum
1341 2907 1394 2967 de·

193 3010 301 3086 lectus,
324 3011 376 3091 qui
399 3016 502 3076 exstet
524 3012 606 3095 apud
630 3010 852 3081 Quintilianum
876 3011 931 3095 (X,
956 3009 999 3097 1),
1023 3018 1173 3093 quatenus
1195 3011 1303 3074 referri
1325 3032 1393 3093 pos·

196 3114 235 3176 sit
265 3117 304 3178 ed
328 3119 538 3181 auctoritatem
560 3118 849 3201 Alenandrinorum,
881 3137 1105 3199 cognoscemus,
1140 3117 1263 3180 deinde
1283 3117 1395 3180 ceteris

194 3222 445 3305 descriptoribus
463 3225 515 3304 qui
530 3224 758 3288 Alexandrinos
773 3225 871 3288 secuti
889 3247 958 3289 esse
980 3230 1137 3309 putantur,
1160 3224 1392 3306 disputabimus.

283 3329 492 3402 Quintilianus
524 3351 593 3392 cum
613 3337 645 3393 et
668 3331 821 3414 epicorum
844 3331 899 3416 (X,
925 3337 954 3410 1,
978 3333 1033 3413 54)
1056 3336 1089 3396 et
1109 3332 1392 3414 iambogmphorum

192 3440 247 3522 (X,
274 3445 301 3517 1,
327 3439 396 3520 59)-
414 3439 550 3500 ordinem
578 3439 616 3499 ab
639 3439 842 3521 Aristophane
864 3441 896 3501 et
918 3437 1095 3502 Aristarcho
1119 3439 1289 3503 contectum
1311 3459 1390 3503 com·

191 3546 416 3623 memorarer-lt,
450 3565 524 3607 num
547 3545 639 3607 etiam
662 3544 693 3606 in
715 3545 843 3626 reliquis
866 3545 1045 3628 scriptorum
1068 3545 1135 3610 sive
1157 3545 1258 3628 potius
1289 3551 1390 3630 poeu-

192 3673 260 3715 rnm
291 3653 458 3734 generibus
488 3651 707 3734 percensendis
731 3647 882 3736 ,,κρι’σιν“
915 3653 1196 3716 Alexandrinorum
1218 3656 1390 3736 comproba·

192 3761 281 3838 verit,
297 3761 434 3842 quaestio
449 3759 595 3823 exoritur.
633 3757 695 3822 Sed
718 3778 898 3840 quamquam
921 3761 1092 3843 complures
1114 3765 1254 3825 auctores
1277 3761 1391 3836 citavit,

194 3871 294 3929 tamen
326 3887 491 3949 numquam
523 3883 593 3930 enm
617 3867 703 3929 cuius
727 3866 859 3947 vestigia
881 3868 1015 3930 maxime
1037 3869 1158 3950 pressit,
1182 3868 1390 3941 Quintilianus

193 3974 376 4038 nominavit:
421 3975 605 4058 Dionysium
644 3975 711 4037 dieo
747 3973 1056 4039 Halicarnassensem.
1112 3975 1275 4058 Scripsisse
1309 3974 1389 4036 enim

193 4076 293 4165 ,περὶ
314 4071 502 4168 μιμήσεως(
535 4103 602 4145 sese
634 4104 710 4166 opus
734 4082 860 4162 eiusque
883 4083 960 4146 libro
984 4083 1080 4148 altero
1104 4103 1179 4163 quos
1201 4081 1314 4145 imitari
1337 4081 1388 4143 de·

192 4191 261 4248 oeat
292 4193 397 4269 politas
429 4195 461 4252 et
483 4190 678 4274 philosophos
701 4194 733 4252 et
755 4190 915 4254 historicos
937 4195 970 4254 et
992 4195 1136 4268 oratores,
1158 4189 1295 4253 docuisse
1319 4189 1388 4252 Dio-

192 4294 301 4376 nysius
332 4295 420 4376 epist.
453 4297 491 4357 ad
524 4295 577 4359 (ln
610 4297 713 4380 Pomp.
737 4317 761 4360 c.
787 4304 806 4360 3
830 4321 859 4383 p.
875 4280 948 4364 '766
972 4299 1113 4364 enuntiat
1134 4301 1226 4377 atque
1248 4315 1326 4377 quae
1349 4297 1388 4360 de
