3386 4986
344 1273 605 1372 Georgius
638 1268 838 1348 Steffen
875 1269 938 1344 de
976 1272 1083 1344 vita
1118 1294 1227 1346 sua.

277 1591 376 1653 Natus
405 1609 471 1650 sum
500 1588 635 1649 Dresdae
658 1607 735 1650 anno
764 1583 929 1650 MDOOOL
954 1587 1003 1648 die
1020 1586 1086 1648 XX
1104 1607 1199 1649 mens.
1218 1586 1389 1668 Septembr.

187 1705 278 1784 patre
301 1696 423 1771 Adolfo,
455 1715 546 1774 quem
568 1699 695 1756 mortem
720 1694 819 1756 obisse
842 1713 963 1776 semper
984 1693 1058 1756 mihi
1081 1693 1140 1756 erit
1162 1695 1390 1776 deplorandum,

188 1809 286 1866 matre
309 1801 475 1863 Henrietta
501 1806 635 1880 egente
659 1800 855 1864 Grossmann.
900 1799 988 1862 Fidei
1011 1799 1183 1882 adscriptus
1207 1820 1273 1862 sum
1297 1820 1389 1862 evan-

190 1908 316 1990 gelicae.
362 1908 525 1987 Postqdam
548 1908 620 1969 inde
642 1911 680 1972 ab
704 1928 782 1971 anno
805 1905 895 1968 LXV
918 1908 946 1967 h.
971 1928 994 1968 s.
1018 1907 1152 1968 scholam
1174 1906 1390 1989 provincialem

191 2015 396 2078 Misenensem
415 2036 470 2097 per
488 2021 551 2077 tres
569 2035 664 2078 annos
686 2015 829 2093 idemque
851 2033 908 2094 per
931 2011 1062 2094 spatium
1084 2013 1286 2094 gymnasium,
1310 2015 1390 2094 quod

192 2127 239 2184 cst
261 2122 396 2182 Dresdae
419 2123 458 2182 ad
482 2123 588 2182 aedem
612 2121 641 2184 S.
661 2119 775 2195 Crucis,
798 2118 999 2198 frequentavi,
1022 2137 1100 2181 anno
1123 2118 1235 2180 LXXI
1257 2121 1287 2182 h.
1311 2141 1334 2185 s.
1357 2121 1390 2182 in

189 2229 372 2291 academiam
404 2226 593 2308 Lipsiensem
627 2225 850 2305 transmigravi.
900 2227 1061 2286 Aestatem
1093 2243 1118 2287 a
1142 2227 1171 2287 h.
1196 2248 1218 2287 s.
1248 2227 1389 2290 LXXIV

190 2334 334 2410 Berolini,
363 2329 420 2393 'ubi
453 2331 565 2394 scholis
587 2332 711 2393 interlui
736 2329 862 2410 Geigcri
884 2329 1065 2391 Mommseni
1088 2331 1225 2395 Nitzsehi
1251 2333 1389 2397 Watten-

192 2441 291 2516 bachi,
324 2443 525 2501 commoratus
549 2459 624 2502 sum.
650 2436 772 2520 Lipsiae
794 2455 850 2518 per
872 2435 957 2496 VIII
981 2438 1138 2499 semestris
1161 2439 1270 2502 studiis
1293 2441 1389 2522 philo·

193 2546 300 2627 logicis
327 2551 359 2607 et
381 2543 534 2606 historicis
557 2545 681 2607 deditus
704 2545 849 2605 docentes
872 2542 974 2620 aqdivi
994 2542 1081 2605 -vircs
1103 2544 1293 2608 doctissimos
1316 2545 1390 2608 Our-

191 2653 266 2716 tinm
305 2651 518 2714 Drobischium
556 2651 766 2712 Ecksteinium
799 2647 1079 2712 Gardthausenium
1112 2651 1262 2732 Largium
1295 2652 1390 2714 Over·

190 2761 333 2823 beckium
365 2758 567 2820 Bitschelium
600 2758 790 2820 Roscherum
823 2754 1072 2838 Struempellium
1104 2757 1263 2838 Voigtium
1285 2759 1390 2822 Wutt-
1511 2777 1515 2787 ·

191 2867 275 2928 kium
299 2866 489 2928 Zamckium.
536 2865 702 2926 Praeterea
724 2863 913 2936 societatum,
936 2881 1012 2941 quas
1030 2862 1165 2943 Langius
1183 2862 1305 2945 Lipsius
1322 2865 1389 2930 Rit-

191 2973 323 3032 schelius
346 2972 489 3049 Voigtius
512 2971 675 3034 Wuttkius
698 2970 945 3042 moderabantur,
969 2965 1067 3027 socius
1090 2968 1134 3027 sui
1156 2973 1249 3048 atque
1272 2971 1389 3032 exerci-

194 3074 324 3137 tationes
355 3077 552 3155 proseminari
585 3077 789 3157 seminarique
821 3071 998 3156 philologici
1031 3091 1087 3134 nec
1109 3093 1170 3136 non
1192 3075 1390 3156 paedagogici

169 3189 172 3193 ’
192 3180 334 3243 seminari
349 3180 558 3243 Ilcksteiniani
580 3182 782 3262 frequentavi.
818 3180 902 3241 Viris
925 3179 972 3240 his
996 3177 1135 3241 omnibus
1158 3199 1275 3243 summo
1298 3202 1390 3263 opere

192 3289 231 3349 de
254 3307 303 3348 me
325 3287 442 3349 meritis
464 3287 672 3369 imprimisque
688 3287 822 3368 Georgio
837 3285 962 3366 Voigtio
985 3285 1037 3366 qui
1060 3287 1161 3350 studIa
1183 3306 1251 3349 mea
1274 3307 1390 3350 summa

190 3415 259 3457 cum
274 3393 489 3456 benevolentia
511 3394 595 3471 fovit,
620 3394 733 3474 gratias
756 3413 845 3474 quam
869 3392 1017 3454 maximas
1040 3399 1073 3455 et
1095 3412 1177 3456 nnnc
1199 3412 1257 3474 ago
1281 3397 1313 3456 ct
1335 3394 1387 3456 ha-

192 3503 268 3564 bebo
292 3521 422 3584 semper.
