3386 4986
714 361 932 420 ,45-

224 551 336 615 tentiae
369 553 546 616 discessisse
578 554 772 630 ostenderim,
810 554 836 615 si
867 553 1040 634 quidquam,
1069 553 1124 615 hcc
1148 553 1276 633 apparet
1298 552 1351 610 aut
1374 571 1420 610 oo-

224 659 369 722 micorum
400 662 553 723 delectum
585 660 797 728 Aristarchum
829 667 862 722 et
896 659 1131 742 Aristophanem
1163 678 1223 720 non
1254 655 1422 718 instituisse

164 787 167 796 ¹
224 769 277 829 aut
300 767 325 828 si
349 769 387 830 de
411 769 454 830 eis
478 766 649 844 iudicarint,
673 787 776 832 eorum
797 767 909 829 iudicia
931 767 1019 828 nihili
1042 787 1109 830 esse
1133 766 1220 828 sacta.
1246 799 1287 810 -·

796 982 860 1058 B.

226 1137 228 1142 Ι
317 1162 362 1223 De
382 1161 502 1224 comicis
520 1166 680 1246 postquam
696 1159 849 1242 exposuit,
872 1159 1076 1221 Ruhnkenius
1099 1176 1243 1219 canonem
1266 1158 1423 1237 poetarum

229 1267 359 1330 absolvit
389 1275 481 1350 atquc
514 1290 582 1332 cum
613 1269 646 1330 in
678 1267 800 1331 tabulae
833 1266 923 1330 (loisl.
947 1287 983 1328 ea
1005 1269 1100 1348 parte,
1125 1285 1165 1326 ex
1188 1282 1249 1344 qua
1272 1255 1423 1344 ,,κρι’σιν“

228 1374 507 1440 Alexandrinorum
536 1376 638 1456 colligi
662 1396 751 1458 posse
774 1373 904 1455 putavit,
932 1377 1033 1436 cetera
1055 1371 1155 1454 poe'sis
1177 1389 1292 1450 genera
1314 1369 1423 1444 desint,

227 1483 263 1543 ad
280 1484 441 1566 scriptores
460 1487 619 1566 pedestres
638 1489 847 1563 transgressus
866 1485 921 1543 est.
953 1480 1100 1542 Attamen
1115 1477 1257 1553 nonfuit,
1279 1479 1315 1538 ut
1333 1495 1425 1558 supra

227 1590 508 1668 demonstravimus,
541 1611 595 1654 cur
627 1589 798 1653 auctoritati
822 1589 944 1652 tabulae
968 1586 1056 1650 Coisl.
1081 1585 1166 1666 quasi
1189 1584 1221 1644 in
1244 1583 1424 1645 servitutem

226 1697 431 1759 Ruhnkenius
445 1719 478 1759 se
496 1699 660 1774 addiceret,
684 1717 783 1777 neque
807 1697 870 1758 ulla
894 1715 928 1758 re
949 1693 1139 1776 impedimur,
1163 1689 1323 1771 quominus
1337 1707 1423 1770 canc-

228 1803 395 1880 remeius,
419 1805 666 1883 quantumlibet,
685 1804 910 1888 amplificemus.
945 1799 988 1864 Ut
1005 1800 1085 1862 enim
1109 1798 1168 1860 alia
1191 1796 1291 1880 poe'sis
1313 1815 1427 1876 genera

229 1909 374 1986 omittam,
407 1911 588 1991 dequibus
616 1912 742 1975 Proclus
780 1919 812 1974 et
843 1912 967 1972 Isaaeus
990 1907 1102 1970 Tactaa
1134 1905 1166 1968 ll.
1190 1905 1221 1967 ll.
1255 1903 1426 1986 explicave-

229 2019 309 2092 runt,
331 2017 435 2096 quidni
459 2019 723 2101 dithyrambcrum
746 2038 867 2099 quoque
890 2016 1054 2098 scriptores
1076 2012 1286 2096 percensuisse
1309 2015 1340 2073 et
1358 2028 1427 2092 pro-

232 2123 401 2187 batissimos
436 2125 547 2188 scholis
585 2126 754 2189 destinasse
794 2123 982 2205 grammatici
1016 2119 1219 2182 Alexandrini
1256 2115 1427 2202 putentur?

217 2227 306 2312 v(lum
339 2230 419 2290 enim
452 2231 604 2293 Diodorus
634 2233 703 2296 libr.
733 2231 823 2307 XIV,
847 2237 899 2309 46,
924 2235 943 2292 6
968 2229 1056 2291 Dind.
1082 2228 1208 2290 edoceat
1231 2219 1283 2306 „oi
1309 2220 1427 2308 ἐπιση-

227 2326 368 2414 μότατοι
402 2332 689 2419 διθυραμβοπριοὶ
723 2327 899 2415 Φιλόξενος
921 2326 1101 2423 Κυθήριος,
1128 2325 1294 2415 Τιμόθεος
1316 2319 1428 2416 Μιλή-

231 2458 312 2516 σιος,
334 2437 497 2528 Τελέστης
512 2432 743 2520 Σελινούντιος,
764 2434 966 2520 Jrotdador‘
986 2449 1078 2524 atque
1097 2443 1310 2514 Philoxenum,
1328 2437 1427 2500 Timo·

233 2548 346 2624 theom,
380 2539 534 2612 Teleslem
557 2551 723 2632 Dionysius
751 2551 821 2616 Hal.
845 2547 924 2636 περὶ
949 2553 1043 2614 cord.
1068 2540 1157 2631 ὄνομ.
1181 2571 1205 2614 o.
1233 2553 1273 2611 19
1297 2551 1338 2629 tp.
1365 2550 1425 2609 132

230 2653 282 2734 R.)
305 2656 390 2736 quasi
413 2657 566 2741 principes
589 2659 703 2736 laudet,
727 2661 782 2722 hos
805 2659 974 2742 scriptores
992 2660 1123 2739 quodam
1146 2658 1234 2720 modo
1257 2653 1428 2718 consentire

231 2761 360 2843 ideoque
384 2765 421 2826 ab
445 2764 665 2830 Alexandrinis
688 2768 823 2848 pendere
846 2766 1064 2829 contendamus
1084 2785 1184 2828 nonne
1200 2762 1294 2826 licet?
1343 2761 1427 2831 Quos

231 2869 325 2949 igitur
357 2872 433 2934 fines
466 2878 498 2934 et
530 2873 675 2936 terminos
698 2872 865 2956 disciplinis
887 2873 1030 2935 ludorum
1052 2871 1273 2954 Aristophanes
1296 2869 1426 2930 Aristar·

233 2977 367 3056 chusque
382 2979 603 3057 constituerint,
627 2979 695 3060 quis
715 2985 763 3042 est
782 2980 833 3060 qui
849 2979 1015 3066 diiudicare
1034 2977 1181 3041 conetur?
1224 2977 1268 3038 At
1291 2995 1362 3036 vero
1385 2993 1424 3032 ne

234 3081 289 3140 hoc
303 3083 426 3160 quidem
442 3085 515 3146 satis
528 3092 644 3148 eertum
658 3107 726 3149 esse
741 3086 814 3148 mihi
828 3086 961 3163 videtur,
976 3086 1206 3169 proposueritne
1216 3089 1344 3163 uterque
1355 3081 1426 3142 iam-

235 3187 457 3268 bographorum
489 3191 652 3268 delectum,
680 3213 718 3254 an
742 3194 798 3256 soli
820 3193 1007 3270 Aristarcho,
1031 3195 1143 3276 quippe
1166 3191 1214 3254 cui
1237 3191 1324 3251 illum
1346 3187 1425 3250 ordi-

234 3313 304 3354 nem
336 3293 388 3354 vel
421 3313 580 3357 numerum
602 3297 808 3370 Quintilianus
840 3301 984 3380 assignet,
1009 3320 1044 3362 ea
1067 3301 1132 3362 laus
1154 3295 1357 3380 impertienda
1378 3295 1426 3357 sit.

323 3399 384 3462 Sed
416 3421 544 3481 quorsus
576 3407 692 3466 tantam
723 3425 844 3486 operam
868 3407 1128 3489 consumpsimus?
1174 3406 1335 3468 Poetarum
1359 3423 1426 3465 cen·

233 3527 299 3570 snm
336 3527 355 3570 a
388 3508 594 3588 grammaticis
627 3510 846 3574 Alexandrinis
886 3516 987 3574 actum
1020 3533 1087 3574 esse
1117 3511 1239 3573 minime
1272 3529 1426 3593 negamus.

237 3613 351 3676 Verum
390 3614 546 3677 declarare
586 3615 780 3695 intendimus,
813 3620 960 3698 quomodo
992 3619 1041 3681 hic
1063 3620 1201 3684 delectus
1225 3620 1427 3682 conformatus

233 3821 443 3830 ’.ψ

235 3953 263 4002 st
281 3949 443 4008 Chmstodor.
462 3952 551 4021 eophr.
569 3952 688 4022 (Anthcl.
709 3955 794 4010 Palat.
813 3956 864 4024 11):

446 4039 568 4104 »ἑστήκει
587 4041 617 4095 δὲ
639 4043 805 4116 Μένανδρος,
823 4043 854 4104 ὃς
873 4044 1047 4116 εὐπύργοισιν
1066 4045 1187 4110 Ἀθήναις
1239 4065 1257 4090 ³

445 4126 630 4200 ὁπλοτέρου
647 4131 749 4205 κώμοιο
769 4133 939 4206 σελασφόρος
957 4135 1092 4205 impensu
1110 4133 1220 4207 doripf‘

235 4214 331 4268 Utrum
359 4214 546 4271 christodorus
574 4221 640 4274 duas
664 4226 771 4278 tentum
798 4230 901 4284 aetates
931 4225 1080 4282 comoediae
1107 4225 1240 4293 cognorit,
1265 4241 1300 4278 an
1319 4224 1425 4283 easdem

235 4307 316 4374 atque
334 4303 462 4378 Apuleius
480 4307 596 4362 rationes
615 4314 656 4363 est
674 4313 799 4366 secutus?
