3386 4986
752 303 949 360 -g...

248 493 319 554 dem
357 493 541 574 contendere
582 491 686 554 ausim.
741 491 831 564 Quod
872 511 946 556 vero
979 495 1017 555 ab
1045 494 1098 570 eie,
1121 494 1232 575 quibus
1255 494 1452 574 quaestiones

248 599 405 680 graviores
425 603 513 661 erant
535 599 694 662 habendae
717 602 770 662 aut
792 596 903 678 quibus
926 601 1049 663 tabulae
1071 601 1340 684 pinacographn’cae
1362 619 1447 682 prae·

175 715 179 721 ’
248 711 294 768 sto
327 726 387 769 non
420 709 516 780 erant,
548 703 750 767 bibliothecae
781 705 967 786 frequentari
1000 727 1165 788 numquam
1188 707 1305 770 desitm
1328 706 1452 784 suut&

249 812 418 894 peculiares
450 811 520 873 illos
551 809 668 872 indices
699 831 768 873 esse
800 813 945 892 vulgatos
967 832 1068 876 nonne
1091 814 1239 876 credibile
1261 813 1331 876 est?
1377 813 1450 875 Huc

248 913 376 980 πίνακα
399 916 464 979 τῶν
488 911 568 980 δέκα
592 907 744 1002 ῥητόρων,
768 920 868 998 quode
891 917 1120 982 Studemundus
1142 920 1174 981 in
1197 919 1303 984 Herm.
1327 921 1388 984 vol.
1412 920 1447 982 ΙΙ

249 1043 278 1106 p.
302 1028 366 1088 434
395 1043 459 1104 sqq.
502 1023 728 1104 elegantissime
769 1025 922 1104 disseruit,
956 1046 1101 1090 revocare
1124 1047 1185 1090 non
1210 1027 1325 1090 dubito.
1372 1025 1451 1088 (lum

249 1131 329 1192 enim
352 1131 486 1211 genuina
507 1130 591 1192 illius
613 1131 708 1194 forma
731 1150 768 1193 ea
790 1136 880 1209 esset,
905 1138 939 1196 ut
961 1137 1114 1197 oratorum
1138 1133 1191 1214 qui
1214 1134 1361 1215 plurimas
1384 1153 1453 1196 ora-1

249 1237 347 1299 tiones
379 1237 508 1319 scripsit,
539 1237 636 1318 primo
661 1237 725 1300 loco
747 1237 915 1303 referretur
938 1245 971 1303 et
992 1241 1050 1302 hac
1072 1240 1190 1304 ratione
1213 1239 1356 1321 deinceps
1378 1239 1448 1300 reli-

248 1343 301 1424 qui
333 1344 553 1420 ordinarentur,
586 1344 677 1406 animi
709 1343 884 1410 coniectura
906 1347 1052 1428 colligere
1074 1367 1234 1429 possumus
1257 1341 1383 1408 πίνακα
1406 1366 1448 1407 ex

249 1450 433 1515 bibliotheca
471 1470 540 1512 esse
578 1455 742 1532 sumptum.
803 1453 892 1524 Quod
927 1455 1038 1518 deinde
1069 1455 1101 1516 in
1130 1454 1235 1518 forulis
1258 1453 1450 1516 delectorum

250 1558 429 1640 scriptorum
461 1559 556 1622 libros
588 1559 707 1641 spurios
729 1577 797 1621 esee
821 1560 982 1624 collocatos
1004 1560 1171 1624 verisimile
1194 1580 1254 1623 non
1277 1565 1334 1636 est,
1358 1579 1447 1639 quae·

252 1683 322 1726 nam
354 1663 550 1748 Hippocratis
583 1681 675 1746 opera
702 1664 840 1730 Galenus
862 1668 901 1728 de
924 1669 1013 1751 dysp.
1038 1668 1098 1730 vol.
1123 1667 1190 1729 VII
1212 1689 1241 1750 p.
1266 1670 1329 1730 855
1353 1666 1449 1728 Kiihu

249 1763 312 1850 „asi
345 1765 382 1833 ἐκ
417 1773 475 1834 τοῦ
506 1772 627 1856 μικροῦ
660 1767 854 1836 πινακιδίου
885 1775 1011 1852 dixerit,
1033 1774 1123 1835 facile
1146 1773 1305 1856 explanari
1329 1777 1453 1854 potest:

248 1877 341 1940 tuisse
373 1879 516 1958 equidem
547 1883 621 1960 puto
654 1899 690 1940 ea
712 1879 835 1944 minoris
858 1880 966 1942 iudicis
988 1880 1041 1942 illo
1065 1881 1153 1944 modo
1176 1881 1207 1942 in
1230 1899 1318 1941 usum
1341 1880 1450 1942 biblio-

248 1985 355 2048 thecae
377 1985 519 2048 instituti.
545 2021 586 2030 -

806 2309 836 2397 ἓ.
868 2311 899 2382 2.

339 2551 399 2612 Sed
430 2553 490 2613 iam
522 2557 642 2629 tempus
677 2556 725 2614 eet
747 2554 786 2614 de
808 2553 911 2616 indole
935 2555 1058 2615 tabulae
1082 2555 1262 2636 scriptorum
1286 2556 1453 2637 disputare,
1494 2532 1495 2536 ί

250 2677 339 2737 quarn
359 2679 376 2720 e
395 2657 531 2720 tenebris
550 2657 660 2720 codicis
679 2656 854 2721 Ooisliniaui
877 2659 1100 2722 Montfooonius
1123 2660 1260 2723 biblioth.
1277 2649 1450 2725 Coielinian.

250 2785 280 2846 p.
303 2768 365 2826 596
383 2786 447 2846 sqq.
470 2765 599 2846 protulit
621 2767 654 2826 et
673 2763 833 2828 Fabricius
857 2766 993 2831 biblioth,
1017 2787 1061 2847 gr.
1085 2767 1146 2829 vol.
1169 2765 1222 2828 IX
1243 2789 1271 2850 p.
1298 2774 1359 2832 599
1384 2787 1451 2846 sqq..

250 2869 370 2948 (Hemb.
397 2873 495 2952 1737)
518 2871 688 2953 descripsit.
735 2870 813 2934 Sunt
836 2875 957 2936 tabulae
980 2875 1076 2936 verba
1098 2874 1187 2935 haee:

339 2977 366 3058 ᾗ.
393 2983 419 3040 1,
439 2968 587 3063 Ἐξοῦρον
610 2971 667 3063 τὴν
689 2973 749 3058 μὲν
772 2968 997 3066 ἀριθμνμικὴν
1021 2975 1184 3056 Φοίνικες,
1208 2973 1266 3066 τὴν
1287 2971 1453 3064 μουσικὴν

253 3083 391 3171 Θρᾷκες,
416 3077 473 3172 τὴν
497 3080 534 3148 δὲ
556 3075 775 3168 ἀστρολογίαν
797 3081 974 3148 Χαλδαῖοι.

339 3191 365 3273 ξ.
391 3197 418 3255 2.
442 3189 589 3277 Ποιηιαί
613 3185 722 3253 πέντε.
762 3182 912 3278 Ὅμηρος,
942 3181 1114 3269 (Ησίοδος,
1138 3187 1353 3277 Πείσανδρος,
1379 3195 1455 3254 Πα-

252 3287 375 3376 νύασις,
404 3289 607 3380 Ἀντίμαχος.

340 3404 366 3484 §.
391 3410 420 3468 3.
441 3396 604 3489 Ἰαμβιιιοί
628 3406 725 3490 τρεῖς.
772 3400 967 3490 Σιμωνίδης,
992 3397 1192 3491 Ἀρχίλοχος,
1220 3397 1395 3483 (Ινιιιώναξ.

340 3510 366 3592 §.
391 3517 421 3576 4.
448 3507 701 3596 Τραχῳδονιοιοί
725 3507 750 3574 έ.
775 3514 957 3592 (sequuntur
979 3513 1113 3594 quinque
1137 3511 1270 3596 nomina)

340 3617 366 3698 ξ.
391 3627 419 3682 5.
442 3613 690 3699 Κωμῳδοιιοιοί
713 3607 854 3701 ἀρχαίας
877 3608 902 3694 ζ
926 3621 1023 3698 (sequ.
1048 3638 1110 3681 sex
1178 3668 1195 3697 „
1256 3618 1268 3698 )

250 3798 409 3806 *na-u...-
415 3797 449 3803 —4-
459 3799 464 3802 .

323 3883 345 3950 ⁶)
364 3882 397 3935 ln
415 3881 739 3950 generibus·scriptorum
757 3883 946 3948 percensendis
965 3881 1149 3946 Quintilianus
1166 3883 1229 3936 inst.
1249 3885 1315 3936 orat.
1334 3877 1396 3932 libr.
1415 3880 1449 3945 X,

252 3972 276 4036 1,
306 3971 340 4024 57
369 3973 398 4024 ot
426 3969 477 4023 104
504 3969 657 4023 litterarum
675 3969 825 4037 cupidiores
843 3969 915 4039 ipsas
933 3971 1110 4025 bibliothecas
1130 3974 1253 4025 excutere
1271 3968 1351 4022 iussit
1369 3971 1453 4037 atque

252 4058 349 4113 Suidas
363 4074 421 4112 sese
435 4058 552 4111 armaria
561 4057 785 4113 bibliothecarum
804 4058 892 4112 adisse
912 4062 940 4113 ot
958 4059 1136 4127 perlustrasse
1153 4060 1196 4114 his
1215 4059 1303 4112 verbis
1321 4061 1450 4112 testatur:

251 4163 272 4200 a.
291 4164 315 4200 v.
336 4143 496 4217 Δαμόφιλος
513 4143 643 4217 »γράψας
660 4145 813 4218 πάμπολλα,
832 4145 861 4209 ἐξ
879 4133 920 4197 οἷν
938 4144 1025 4198 ταῦτα’
1049 4165 1097 4218 μοι
1116 4146 1216 4218 εὕρηκα
1235 4145 1278 4198 ἐπὶ
1296 4153 1354 4206 ταῖς
1372 4145 1456 4215 βιβλί’

251 4251 291 4284 ιιν
310 4232 423 4296 δίκαιοί
442 4234 486 4303 (of,
507 4254 530 4294 v.
551 4235 676 4293 Σέλευκος
685 4233 842 4305 dulcorem).
