3386 4986
580 330 583 337 ’
704 363 922 429 -.οοί

201 561 316 626 'verbis
335 541 494 644 'epitomae'
513 585 541 646 p.
565 567 640 640 418,
666 528 853 640 1-422‚s2
880 562 1032 630 simillima
1049 567 1144 647 sunt,
1181 561 1297 624 Similia
1319 581 1410 644 porro

80 763 82 768 Α
167 688 169 691 ·
213 691 316 752 neque
337 671 370 731 in
388 669 588 771 *assumendis
611 670 735 758 tragicis
756 688 858 750 neque
880 671 912 731 in
935 670 1104 734 oratoribus
1122 669 1299 752 (ofiquint.
1316 670 1357 745 X,
1384 674 1435 756 1„
1505 757 1510 764 Ι
1581 669 1585 676 ’

44 829 48 836 .
90 861 92 864 v
215 783 257 842 79
290 780 323 840 et
354 775 442 844 Dion.
473 775 503 860 p.
528 775 602 852 432,
623 782 652 838 Ι9·
670 779 748 857 sqq.)
772 797 872 857 neque
894 776 927 843 in
949 777 1136 860 philosophis
1158 778 1207 856 (ci.
1232 777 1336 848 Quint
1360 777 1411 841 l.l.

214 884 241 965 0.
275 887 316 945 aa
349 867 382 946 a
413 865 500 946 nan
524 903 553 965 p.
579 885 656 962 430)
690 885 810 948 desunt.
826 931 832 961 ,
856 882 940 963 nrgo
962 883 1091 966 mosyes
1113 884 1235 954 turrea,
1248 884 1411 956 cornera.

213 1007 287 1052 num
325 1010 385 1054 non
423 991 511 1053 modo
552 989 732 1073 plerumque
764 992 989 1073 comprobasse,
1026 1011 1135 1054 verum
1175 994 1282 1056 orehro
1311 991 1410 1055 etiam

214 1098 412 1180 descripsisse
434 1099 474 1160 ad
497 1099 628 1176 verbnm.
647 1097 806 1179 inaperta
830 1101 886 1188 est.

304 1205 387 1267 Fieri
413 1203 509 1285 igitur
522 1205 637 1287 potuit,
661 1208 697 1268 ut
720 1205 928 1276 Quintilianus
951 1204 1165 1287 Aristophanis
1187 1209 1220 1268 et
1242 1205 1415 1270 Aristarchi

214 1313 425 1380 anctoritatem
457 1331 529 1401 non·
550 1331 640 1376 secus
671 1315 765 1392 atque
796 1313 925 1375 aliorum
957 1312 1139 1395 scriptorum
1171 1313 1257 1404 qnasi
1287 1313 1411 1376 fortuito
1492 1361 1504 1409 ·,
1540 1357 1543 1361 -

213 1419 351 1482 afferret:
389 1420 493 1482 velut·
510 1413 696 1498 Ciceronem
724 1424 832 1500 utpote
864 1420 915 1500 qui
947 1408 1137 1493 Demetrium
1168 1420 1351 1482 Phalereum
1377 1421 1409 1482 in

211 1527 310 1590 medio
343 1526 464 1590 dicendi
485 1509 617 1606 ¹genere·
639 1513 783 1588 'omnibus
805 1528 981 1609 praeterret,
1003 1528 1035 1589 in
1058 1526 1265 1591 testimoninm
1287 1529 1411 1591 vocavit
1453 1515 1455 1520 ⁵

207 1631 257 1718 (cf.
280 1635 332 1697 ll.
356 1619 384 1713 §ss
408 1634 473 1713 80).
519 1633 600 1695 Item
623 1633 807 1716 compluries
829 1636 868 1696 ad
891 1635 1022 1700 eundem
1045 1635 1154 1698 omisso
1177 1633 1299 1697 nomine
1322 1654 1407 1717 spec·

208 1745 290 1806 asse
312 1742 445 1817 videtur,
468 1745 504 1803 nt
526 1738 671 1804 Olitarohi
694 1742 786 1811 fidem
808 1743 983 1805 infamatam
1005 1742 1098 1806 fnisse
1128 1742 1202 1806 dicit
1224 1743 1274 1823 (oi
1300 1742 1406 1814 Quint·

209 1850 260 1914 l.l.
294 1848 321 1928 ᾗ.
347 1852 387 1911 75
418 1852 450 1910 et
473 1847 533 1910 Oia.
555 1847 644 1912 Brut.
671 1853 721 1927 11,
745 1849 816 1929 42),
856 1839 960 1931 Atque
982 1853 1022 1913 ab
1045 1849 1173 1914 Horatio
1196 1850 1282 1912 ouius
1303 1850 1408 1912 iudiciss

208 1975 261 2016 um
293 1955 333 2016 de
364 1956 495 2018 Pindaro
527 1957 639 2020 iactum
666 1945 836 2040 praedicat,
860 1979 928 2020 oum
951 1957 1010 2020 alia
1026 1959 1082 2036 ·(of.
1106 1959 1158 2044 ll.
1182 1958 1209 2038 ᾗ.
1234 1957 1289 2038 56)
1305 1956 1409 2040 petita
1450 2031 1457 2042 ,

210 2047 289 2138 sunt,
324 2066 388 2124 tum
420 2063 526 2126 Alcaei
558 2065 709 2148 plectrum
741 2083 869 2141 aureum
897 2067 946 2146 (oi.
970 2065 1021 2130 l.l.
1046 2064 1073 2148 ᾗ,
1098 2071 1139 2129 63
1164 2070 1196 2128 et
1219 2064 1293 2129 Hor.
1317 2084 1407 2130 carm.

210 2173 403 2248 2,13,26).
451 2171 542 2241 Quod
576 2171 602 2232 si
633 2172 703 2252 quis
725 2181 880 2252 agnoscat,
903 2173 1085 2244 Quintiliani
1107 2171 1211 2234 verbis
1234 2172 1333 2253 qualis
1346 2171 1408 2235 'de-

208 2277 308 2338 lectus
348 2275 632 2340 Alexandrinorum
668 2279 770 2355 fuerit,
809 2280 954 2342 certiores
981 2300 1036 2342 nos
1058 2279 1126 2353 fieri
1146 2283 1249 2360 neget.
1295 2266 1408 2344 Contra
1489 2353 1499 2374 .

209 2386 309 2458 erunt,
342 2382 395 2462 qni
418 2383 600 2465 Dionysium
632 2389 743 2467 putent
765 2372 911 2449 censurae
934 2387 1149 2450 Aristarcheae
1171 2382 1406 2466 rationes'oomr

210 2487 411 2570 prehensione
453 2491 647 2573 complexum
685 2491 779 2555 fnisse
811 2479 904 2576 atque
935 2517 992 2577 per
1024 2496 1105 2556 huna
1137 2497 1240 2556 etrum
1268 2487 1406 2558 notitiam
1471 2489 1479 2562 ,⁴

210 2594 433 2666 Quintilianum
465 2598 626 2681 accepisse.
671 2600 716 2663 At
738 2621 812 2663 vero
827 2602 1002 2684 ,Dionysius
1024 2588 1207 2684 quamquam
1230 2601 1406 2686 saepissime
1453 2657 1455 2660 .

207 2701 239 2762 in
271 2701 359 2765 libris
390 2705 559 2783 rhetoricis,
591 2726 719 2788 quorum
753 2708 899 2790 plurimos
920 2696 1072 2773 'tenemus
1094 2691 1240 2790 integros,
1263 2711 1407 2792 exempla
1441 2688 1452 2708 ²

126 2804 128 2812 ’
207 2829 249 2869 ex
283 2810 382 2892 poetis
414 2816 446 2876 et
478 2813 675 2896 scriptoribus
707 2817 843 2899 sumpsit,
871 2821 974 2882 tamen
997 2837 1161 2898 numquam
1185 2838 1237 2882 eos
1259 2817 1408 2880 excitavit
1482 2819 1483 2822 ’

90 2989 101 3014 ¹
207 2916 293 2995 qnasi
327 2918 450 2997 legibus
483 2922 747 3000 grammaticorum
778 2924 917 2988 sancitos.
964 2923 1121 2988 staulam
1144 2925 1313 3005 quisquam,
1336 2923 1406 2986 Dio·

209 3023 317 3102 nysius
348 3025 430 3107 ipsis,
464 3029 503 3088 de
526 3028 637 3110 quibus
655 3029 733 3110 egit,
756 3033 849 3093 rebus
872 3051 907 3094 eo
931 3029 1147 3109 adducebatur,
1170 3035 1206 3094 ut
1229 3033 1295 3106 eins
1317 3050 1404 3098 eano-

209 3126 264 3201 nis,
297 3129 322 3190 si
353 3133 533 3196 anctoritate
555 3135 691 3213 florebat,
713 3139 901 3222 mentionem
923 3140 1046 3202 faceret.
1092 3137 1152 3201 Est
1172 3139 1230 3201 hoo
1244 3137 1409 3216 'silentium

209 3233 337 3314 aliquid!
384 3239 474 3308 Quod
507 3239 602 3320 igitur
633 3245 673 3304 ad
701 3248 807 3326 poetas
829 3247 948 3322 attinet,
972 3247 1134 3308 admodum
1157 3245 1300 3326 equidem
1322 3245 1409 3307 dnbi-

209 3349 240 3403 to
262 3345 366 3404 utrum
389 3346 521 3422 eosdem,
544 3368 619 3428 quos
641 3330 673 3410 in
697 3352 807 3414 scholis
830 3351 1003 3415 tractandos
1027 3353 1223 3416 Aristarchus
1239 3357 1409 3430 curaverat,

208 3448 376 3530 Dionysius
417 3451 505 3512 libris
545 3450 625 3538 περὶ
664 3449 834 3544 μιμήσεως
870 3463 909 3522 ad
940 3460 1120 3524 imitandum
1151 3460 1409 3524 commendaverit
1516 3528 1518 3534 ,

208 3575 313 3621 neone.
358 3558 551 3622 Pedestrium
584 3581 658 3625 vero
690 3565 870 3646 scriptorum
903 3588 1027 3632 censum
1058 3569 1168 3653 'suopte
1200 3589 1270 3631 eum
1297 3568 1408 3631 iudicio

208 3663 308 3744 egisse
340 3665 409 3727 luce
441 3666 553 3729 olarios
586 3673 643 3734 est.
696 3670 775 3734 Nem
807 3675 846 3734 de
878 3679 953 3740 orat.
986 3681 1047 3740 ant
1080 3697 1104 3740 o.
1138 3682 1157 3739 4
1191 3675 1232 3758 (p.
1265 3680 1329 3740 450
1357 3675 1408 3753 R.)

208 3771 372 3854 Dionysius
389 3795 422 3835 se
441 3775 602 3837 docturum
625 3798 693 3839 esse
709 3781 1093 3863 professus'quinam2sint
1114 3785 1196 3846 inter
1219 3788 1352 3848 oratores
1376 3787 1408 3845 et

208 3879 365 3943 historicos
396 3881 529 3944 maxime
560 3883 697 3965 insignes
728 3893 760 3950 et
791 3907 869 3968 quae
897 3873 1143 3972 ouiusqne'hatio
1165 3876 1406 3954 iuerit'uivendi

210 3984 396 4067 dicendique,
429 3981 514 4071 „syci
546 3989 622 4072 γοῦν
654 3983 801 4082 οὐδεμιᾷ,
833 3996 941 4077 inquit,
966 3989 1101 4085 τοιούτῃ
1124 3991 1307 4084 περιτυχὼν
1330 3985 1408 4059 οἶδα

208 4091 327 4192 γραφῇ,
355 4087 485 4180 πολλὴν
517 4086 650 4184 ζήτησιν
682 4091 788 4166 αὐτῶν
819 4092 1073 4191 ποιησάμὲνος.“
1119 4107 1236 4168 Deinde
1268 4106 1300 4166 in
1328 4103 1406 4166 libro

209 4192 288 4280 περὶ
310 4191 479 4285 μιμήσεως
501 4203 597 4268 altero
620 4207 669 4284 (ef.
692 4231 721 4292 p.
748 4215 810 4274 767
834 4212 891 4276 it:
924 4202 1078 4289 ,τούτους
1110 4208 1308 4297 ἐκκρίνω
1330 4203 1407 4285 τοὺς

208 4291 330 4411 ἄνδρας
366 4299 416 4382 εἰς
451 4304 592 4396 μίμησιν
623 4308 927 4403 ἐπιτηδειοτάτους)
958 4319 1010 4382 ex'
1032 4321 1182 4384 historicis
1214 4320 1404 4383 Herodotum
