3386 4986
779 325 998 384 -26-

291 521 354 582 tate
386 518 522 584 valuisse
550 517 696 582 credibile
719 521 775 580 est
821 516 930 598 Neque
953 517 999 578 illi
1022 515 1211 597 grammatici
1233 517 1291 578 bac
1313 535 1419 578 norma
1440 536 1486 578 us·

291 647 351 708 que
378 629 455 690 adeo
483 648 516 688 se
540 625 743 688 obstrinxisse
764 625 893 708 putandi
916 628 996 701 sunt,
1019 628 1054 686 ut
1076 627 1201 706 praeter
1223 645 1284 701 ecs,
1308 643 1383 703 quos
1405 623 1488 686 schc-

289 734 328 798 lis
365 739 398 798 et
428 735 473 796 eis
504 733 793 810 exercitationibus,
830 731 940 812 quibus
971 731 1004 792 in
1036 730 1144 796 Museo
1175 731 1322 793 iuvenum
1366 729 1489 810 ingenia

288 843 484 918 acuebantur,
515 845 552 902 ut
575 840 675 916 credo,
703 839 947 916 destinaverunt,
971 839 1039 901 aliis
1061 839 1260 921 scriptoribus
1283 842 1373 900 extra
1399 837 1489 899 ludos

290 967 413 1030 operam
431 968 492 1010 non
511 953 668 1010 navarent.
700 945 776 1008 (lum
799 965 873 1008 vero
897 947 973 1008 haec
995 946 1039 1008 ita
1061 968 1095 1008 se
1117 949 1258 1022 habeant,
1282 965 1321 1008 an
1344 944 1489 1006 ambitum

289 1053 372 1117 illius
387 1044 548 1134 ,,ιιύκλου“
563 1055 711 1134 indagare
727 1053 908 1134 nominaque
930 1056 1088 1135 petitarum
1111 1059 1302 1136 receptorum
1325 1053 1489 1135 explorare

289 1182 486 1242 nequeamus,
519 1161 651 1224 maxime
684 1161 810 1223 dubium
834 1164 890 1224 est.
937 1159 1058 1223 Servati
1081 1165 1153 1223 sunt
1175 1150 1303 1241 quorum
1327 1159 1488 1232 Quintilia-

289 1289 347 1332 nus
370 1270 555 1334 mentionem
578 1269 660 1346 fecit,
683 1268 740 1330 soli
763 1267 917 1349 epicorum
941 1272 974 1331 et
995 1267 1279 1350 iambcgraphcrum
1303 1268 1434 1332 ordines.

288 1497 350 1557 τούς
368 1497 495 1569 celerose
513 1497 661 1570 tyxelur‘)
679 1497 719 1551 ite
737 1501 889 1566 usurpatur,
909 1501 942 1552 ut
959 1497 992 1552 de
1011 1513 1119 1564 canone,
1140 1498 1186 1568 qui
1205 1489 1377 1566 dicitun'agi
1395 1496 1485 1552 vides·

287 1592 341 1642 tur.
377 1588 508 1644 Attamen
533 1589 627 1644 eodem
652 1588 709 1641 leco
733 1585 845 1646 Photius
870 1585 905 1640 ad
928 1585 1070 1642 Aeschinis
1094 1588 1241 1642 cretionem
1259 1588 1405 1658 respiciens
1424 1587 1489 1651 ,,οιίι

289 1675 409 1748 ἐγκρίνει
437 1677 475 1742 δὲ,
504 1678 551 1744 ait,
580 1674 665 1728 αὐτόν
685 1677 730 1742 (sc.
750 1673 799 1727 τόν
816 1673 912 1744 λόγον)
926 1675 948 1728 ,ὁ
968 1677 1124 1742 Καικίλιος“,
1143 1678 1189 1732 ubi
1208 1673 1331 1747 apertum
1350 1677 1488 1743 cst-nihil

288 1767 363 1820 aliud
387 1784 444 1822 esse
470 1765 644 1838 ,,ἕγιιρίνειν“
670 1765 723 1818 nisi
742 1764 858 1830 „iudicio
877 1780 924 1818 suc
943 1766 1082 1833 probare.“
1119 1766 1215 1836 Neque
1233 1767 1320 1836 igitur
1338 1767 1392 1821 ullo
1411 1767 1488 1821 modo

288 1873 354 1926 opus
368 1861 411 1912 est
428 1857 477 1910 sub
496 1873 588 1911 vocam
607 1854 742 1926 ἐγκρίνειν
761 1853 882 1906 subicere
900 1854 1035 1922 propriam
1054 1855 1216 1909 sententiam
1235 1856 1356 1924 eligendi
1375 1856 1486 1925 scripto-

287 1961 338 2012 res,
366 1951 398 2000 ut
425 1947 465 2000 ite
484 1944 580 2008 dicam,
599 1943 747 1999 canonicos.
785 1941 853 1997 Cum
872 1959 950 2020 perro
969 1943 1085 2012 simplici
1104 1946 1184 1999 verbe
1204 1949 1351 2016 ,,κρίνειν“,
1371 1947 1442 2014 quod
1461 1947 1488 1999 in

287 2035 441 2090 universum
462 2035 605 2104 deligendi
622 2051 730 2089 sensum
748 2033 858 2099 indicat,
879 2033 1055 2104 ,,ιιριθέντες“
1075 2050 1155 2104 quam
1175 2033 1383 2106 ,,ι’γκριθέντις“
1403 2037 1487 2090 multe

288 2125 395 2194 saepius
420 2129 537 2180 oratores
565 2123 673 2178 decadis
699 2121 807 2178 Atticae
834 2123 922 2178 vocati
950 2123 1006 2178 sint
1038 2122 1083 2190 (cf.
1108 2125 1250 2178 Westerm.
1274 2125 1359 2194 biogr.
1384 2142 1410 2194 p.
1436 2126 1498 2188 256Ι

287 2212 467 2286 ,,Ὑπερείδην,
485 2213 588 2276 Ἰσαῖον,
614 2215 784 2282 Λυκοῦργον,
811 2212 910 2272 οἵτινές
934 2213 985 2264 εἰσι
1010 2217 1068 2264 τῶν
1086 2217 1097 2264 ί
1115 2211 1239 2285 ρητόρων
1257 2217 1315 2266 τιόν
1333 2213 1486 2284 κριθέντων

287 2319 317 2354 τε
335 2305 381 2356 καὶ
400 2286 685 2374 α’ναγινωσιιομένωνι(
711 2306 793 2374 atque
817 2301 851 2356 cf.
871 2300 946 2356 Suid.
966 2321 1001 2358 ss.
1021 2321 1063 2360 vv.
1081 2299 1215 2375 Ὑπερίδης
1235 2307 1263 2358 et
1282 2309 1438 2376 Λυκοῦργος
1457 2305 1484 2356 et

289 2391 395 2450 Πυθέας
417 2395 445 2446 et
464 2389 660 2463 Νικόστρατος),
680 2391 868 2446 vocabulorum
889 2391 1062 2464 ,,ἐγκρίνειν“
1082 2397 1110 2446 et
1129 2391 1297 2465 ,,ἕιικρι’νειν“
1317 2409 1361 2448 eos
1380 2391 1483 2462 signifi·

288 2484 364 2534 catus
387 2481 536 2549 peculiares
561 2497 626 2549 quos
651 2497 732 2548 supra
756 2480 879 2546 diximus,
899 2482 1075 2538 Ruhnkenius
1094 2483 1201 2536 videtur
1218 2488 1323 2538 temera
1338 2499 1396 2535 csse
1415 2499 1487 2536 ccm-

287 2573 431 2626 mantatus.
794 2574 796 2577 ’
