3386 4986
758 302 957 358 ...4-

255 499 318 558 toto
341 489 513 556 tabularum
535 511 628 575 opere
642 491 747 574 inepte
771 491 914 569 seiunxit,
938 493 981 554 sic
1004 513 1108 554 omnes
1130 491 1307 556 Callimachi
1330 493 1452 556 tabulae

254 620 314 664 uon
345 593 431 663 muci
465 599 637 676 στοιχεῖον,
669 597 725 659 sed
753 590 838 660 κατὰ
859 587 995 683 χρόνους
1017 598 1206 682 conscriptae
1229 603 1340 663 essent.
1386 598 1452 662 Hae

253 707 348 788 igitur
362 706 542 787 compositas
557 724 626 766 esse
647 704 681 765 iu
703 723 792 777 usum
815 723 876 768 nou
899 709 961 768 tam
985 705 1187 769 bibliothocae
1205 725 1296 786 quam
1319 705 1452 768 omnium

253 814 407 878 homiuum
448 811 652 874 litteratorum
690 808 895 874 Schneiderus
935 812 1100 900 oontaudit.
1163 811 1208 878 At
1247 813 1450 876 bibliothecae

253 918 486 984 Alexandrinae
519 917 674 997 catalogos
705 917 824 980 etiamsi
847 923 918 981 ante
941 917 1159 982 Callimachum
1182 921 1276 982 laotos
1299 923 1332 981 et
1353 920 1391 981 ab
1416 939 1451 980 eo

253 1024 467 1107 uermeriptos
489 1046 557 1088 csse
581 1025 829 1088 concederemus:
859 1029 961 1086 tamen
984 1045 1024 1088 ue
1046 1027 1103 1089 hoo
1126 1026 1250 1106 quidem
1273 1024 1452 1088 Schneideri

254 1132 405 1195 mutantia
436 1133 689 1214 comprobaretur.
744 1131 861 1192 Verum
895 1132 975 1193 euim
1007 1151 1082 1194 vero
1106 1131 1256 1211 siquidem
1278 1131 1355 1194 nihil
1377 1137 1451 1206 erat,

253 1258 308 1302 our
339 1239 449 1302 Tuetua
481 1257 549 1300 cum
581 1239 620 1299 de
652 1237 821 1300 rationibus
848 1243 1019 1320 exponeret
1039 1239 1242 1314 bibliothecae
1265 1237 1450 1300 Alexandri-

252 1366 319 1424 nae,
351 1365 427 1427 opus
449 1345 520 1407 huic
542 1343 758 1407 alienissimum
782 1341 958 1408 Callimachi
980 1346 1130 1421 laudaret,
1152 1344 1269 1406 iudices
1290 1345 1361 1406 osui
1384 1344 1449 1404 bib-

251 1453 399 1516 liothecae
439 1452 608 1514 destinatos
647 1450 700 1512 illo
732 1451 797 1512 loco
834 1451 1060 1532 intellegendos
1099 1472 1166 1522 esse
1208 1457 1347 1533 apertum
1390 1455 1446 1514 est.

251 1561 415 1623 Praeterea
443 1560 572 1621 eandem
595 1556 724 1637 catalogi
756 1557 918 1634 notionem,
950 1578 1042 1638 qoam
1066 1579 1121 1620 nos
1143 1560 1300 1634 hahemus,
1324 1560 1363 1619 ad
1385 1557 1451 1618 illo-

252 1688 319 1729 rum
351 1671 522 1748 temporum
549 1664 703 1743 catalogos
726 1663 840 1724 referre
863 1665 950 1727 nulla
971 1666 1108 1746 cogimur
1130 1665 1322 1741 necessitate.
1373 1661 1452 1724 (lum

251 1773 332 1836 euim
364 1771 568 1835 Callimachus
599 1768 670 1830 libri
702 1769 849 1850 cuiusque
882 1776 915 1834 et
936 1771 1059 1834 titulum
1081 1773 1135 1834 vel
1157 1773 1272 1848 titulos,
1296 1772 1322 1832 si
1345 1770 1450 1851 plures

251 1882 435 1954 ferebantur,
460 1883 491 1938 et
513 1876 613 1957 prima
633 1875 701 1938 initi
723 1878 819 1938 verba
841 1884 874 1939 et
896 1897 1056 1939 numerum
1081 1873 1202 1956 στίχων
1225 1877 1449 1958 (olititsoholi-

206 2023 208 2032 ι
250 2007 303 2049 um
325 1987 378 2050 l.l.
401 2007 430 2067 p.
457 1986 499 2046 74
522 1988 554 2046 et
578 1987 641 2045 173
665 1987 743 2064 sqq.)
764 1979 797 2044 iu
819 1983 972 2046 indicibus
995 1985 1168 2047 euotaverit
1190 1985 1380 2063 aliarumque
1402 2003 1450 2043 re-

250 2115 318 2157 rum
340 2091 562 2155 enarrationem
585 2107 676 2171 saepe
699 2089 876 2152 adiunxerit
898 2091 946 2167 (of.
961 2091 1228 2154 Wachsmuthium
1252 2093 1303 2156 l.l.
1327 2112 1356 2172 p.
1383 2093 1445 2152 665

251 2203 317 2284 sq),
355 2181 570 2282 quid'mirum
607 2196 634 2257 si
665 2196 845 2280 scriptorum
877 2197 998 2259 uomina
1028 2199 1111 2260 nuda
1141 2219 1202 2262 nou
1225 2197 1369 2281 posuerit,
1391 2197 1446 2256 sed

251 2308 411 2372 historicas
433 2303 578 2384 quaedam
601 2304 832 2367 ohservationes
855 2303 1030 2366 addiderit?
1075 2305 1215 2385 Denique
1237 2305 1308 2385 quia
1330 2302 1446 2366 tabula-

250 2436 318 2478 rum
350 2433 421 2496 pars
452 2428 497 2486 oa,
529 2430 607 2490 quae
631 2411 763 2473 occurrit
786 2412 868 2494 apud
891 2409 1087 2474 Athenaeum
1109 2413 1178 2474 libr.
1203 2411 1284 2473 XIV
1303 2433 1333 2492 p.
1357 2412 1449 2473 6430

250 2509 349 2599 „cido
365 2515 402 2581 δὲ
420 2512 478 2579 καὶ
493 2510 709 2596 Καλλίμαχον
726 2512 759 2578 ἒν
782 2518 829 2600 τῷ
852 2517 918 2580 τῶν
940 2515 1165 2580 παντοδαπῶν
1190 2506 1450 2602 συγγραμμάτων

251 2623 371 2689 πίνακι
395 2624 426 2708 (i.
452 2645 478 2685 e.
502 2624 598 2685 iudex
620 2623 768 2685 librorum
790 2625 880 2685 mixti
903 2625 1088 2703 argumenti)
1110 2615 1341 2709 ἀναγράψαντα
1364 2621 1449 2685 πλο-

250 2724 487 2796 κουντοποιιτά
521 2719 758 2815 συγγράμματα
780 2723 950 2812 Αἰγιμίου
981 2727 1040 2794 καὶ
1057 2722 1274 2817 Ἡγησίππου
1297 2726 1356 2792 καὶ
1378 2731 1448 2792 Με-

250 2833 393 2924 τροβίου,
417 2830 469 2900 ἔτι
493 2834 530 2900 δὲ
554 2833 734 2914 Φαίστοῶ,
758 2837 928 2899 litterarum
950 2839 1056 2901 ordine
1079 2829 1226 2920 disposita
1248 2845 1304 2914 est,
1327 2837 1447 2898 minime

252 2947 375 3029 quidem
408 2945 549 3025 sequitur
572 2944 709 3020 stelias,
732 2963 809 3022 quas
831 2944 989 3007 exstitisse
1012 2947 1132 3022 scimus,
1156 2945 1274 3006 tabulas
1298 2950 1456 3008 oratorum

249 3054 459 3116 historicorum
482 3052 728 3134 philosophorum
741 3049 766 3130 ³)
790 3052 896 3112 eadem
919 3053 1035 3116 ratione
1058 3054 1216 3114 adornatas
1239 3052 1340 3114 fuisse.
1386 3049 1448 3112 Sed
1491 3113 1495 3120 ,

321 3354 343 3421 ³)
361 3354 480 3408 Tametsi
509 3353 625 3422 quinque
653 3350 839 3404 tantummodo
858 3351 1020 3416 tabularum,
1039 3367 1106 3420 quas
1125 3352 1247 3417 diximus,
1268 3352 1396 3406 memoria
1413 3350 1447 3402 ad

250 3446 368 3496 nostram
401 3444 519 3496 aetatem
547 3439 677 3510 pervenit,
707 3444 797 3492 tamen
824 3440 915 3508 plures
944 3441 1103 3510 scriptorum
1130 3445 1321 3511 poetarumque
1345 3438 1445 3492 indices

141 3533 144 3540 '
248 3530 332 3584 fuisse
351 3530 423 3583 haud
441 3530 532 3598 inepta
550 3532 688 3597 putantur.
718 3526 770 3580 Sed
788 3528 914 3583 licentius
932 3547 949 3584 a
967 3529 1127 3584 Schneidero
1146 3531 1203 3598 (ll.
1222 3547 1247 3597 p.
1267 3527 1329 3593 310)
1348 3527 1446 3586 »πίναξ

252 3621 297 3669 καὶ
321 3615 475 3688 ἀναγραφή
501 3622 560 3668 τῶν
586 3615 655 3668 κατοὶ
680 3615 799 3686 χρόνους
824 3619 866 3668 καὶ
893 3615 940 3668 ἀπ’
960 3616 1050 3689 ἀρχῆς
1067 3620 1227 3689 γενομένων
1245 3614 1383 3665 ἐποποιῶν
1400 3613 1444 3660 καὶ

249 3711 307 3758 τῶν
327 3707 439 3758 Ιλοιπῶν
466 3711 605 3770 ποιητῶν“
632 3705 768 3760 confectus
796 3723 853 3759 esse
876 3707 983 3762 videtur
1001 3724 1087 3777 neque
1106 3703 1314 3772 comprobandus
1333 3700 1443 3755 Waohs-

249 3795 338 3850 muthi
363 3796 421 3866 (1.1.
440 3813 465 3864 p.
485 3795 548 3864 658)
566 3799 664 3858 ,πίναξ
683 3799 803 3856 ποιητῶν
822 3792 974 3865 dolatura
993 3797 1039 3865 qui
1057 3813 1072 3850 o
1091 3797 1147 3849 loco
1165 3790 1345 3861 Etymologioi
1363 3789 1400 3843 M.
1418 3805 1444 3856 p.

250 3885 310 3950 672,
331 3885 364 3938 27
384 3885 484 3938 iniuria
502 3888 605 3938 mutato
625 3883 669 3954 (cl.
688 3882 878 3938 Schneiderum
896 3885 943 3940 l.l.
959 3901 984 3953 p.
996 3885 1058 3952 305)
1080 3884 1210 3938 formatus
1229 3885 1277 3935 est.
1314 3877 1444 3932 Licentia-

249 3975 316 4028 sime
335 3989 397 4027 vero
416 3973 568 4028 Frideriooe
586 3973 758 4026 Nietusohius
777 3973 805 4026 iu
823 3989 891 4028 mus.
910 3972 997 4027 Rhen.
1015 3989 1074 4029 nov.
1094 3974 1146 4026 vol.
1164 3971 1253 4025 XXIV
1272 3986 1297 4038 p.
1319 3968 1369 4022 189
1388 3983 1445 4035 sqq.

249 4063 311 4118 ficto
339 4066 432 4114 πίνακι
456 4067 578 4125 ποιητῶν
595 4062 735 4131 indiceque
753 4065 893 4130 po'e'tarum
911 4062 1092 4116 scaenicorum
1111 4077 1219 4115 excusso
1236 4059 1354 4127 quinque
1373 4059 1445 4110 cata-

249 4152 325 4222 logos
334 4155 490 4221 (poetarum,
501 4155 643 4217 oratorum,
662 4151 858 4216 historicorum,
877 4150 1103 4219 philosophorum,
1123 4152 1251 4204 librorum
1268 4147 1346 4202 mixti
1364 4161 1445 4214 argu-

250 4240 344 4307 menti)
371 4241 534 4308 comparavit
561 4245 642 4311 atque
670 4241 710 4294 ita
737 4238 897 4294 Callimachi
925 4238 1026 4307 βίβλους
1053 4239 1075 4311 ρ’
1083 4239 1105 4292 κ’
1125 4239 1263 4309 disposuit,
1283 4241 1315 4291 ut
1332 4236 1446 4304 siugulis
