3386 4986
685 1109 1000 1210 Index

754 1541 866 1628 Caput
888 1539 920 1607 Ι.

242 1691 265 1758 §.
287 1690 309 1745 1,
349 1687 408 1751 Qua
426 1687 532 1740 ratione
551 1686 668 1754 catalogi
687 1684 910 1738 bibliothecarum
929 1683 1001 1752 apud
1019 1686 1122 1737 veteres
1141 1683 1255 1738 confecti
1273 1687 1302 1737 et
1376 1641 1428 1681 m

348 1795 428 1848 quam
446 1777 518 1830 inter
536 1775 658 1829 homines
676 1772 778 1828 fuerint
796 1774 950 1842 pervulgati
979 1813 1297 1829 ........
1354 1773 1424 1826 1-8
1491 1757 1494 1763 ¹

240 1905 263 1972 ᾗ.
283 1903 307 1958 2.
343 1903 385 1956 De
402 1901 503 1956 tabulis
522 1904 550 1956 et
568 1899 733 1956 Coisliniane
752 1903 780 1952 et
797 1897 944 1953 Bodleiano
978 1937 1296 1953 ........
1352 1897 1438 1953 8-11

749 2058 861 2146 Caput
882 2057 935 2125 Π.

241 2210 263 2277 5.
284 2209 308 2263 1.
346 2204 416 2270 Quid
429 2207 536 2258 nostrae
550 2203 648 2257 aetatis
666 2204 718 2257 viri
736 2206 797 2272 post
811 2201 1002 2256 Ruhukeuium
1021 2201 1055 2255 de
1073 2199 1297 2263 canoneAlexan-

348 2295 485 2349 crinorum
503 2292 648 2346 iudicarint
671 2331 1299 2348 ...............
1337 2289 1441 2346 12-15

245 2423 267 2488 ξ.
288 2422 312 2473 2.
347 2421 388 2474 Ex
407 2417 569 2484 Quintiliani
588 2417 621 2486 (Ι,
641 2416 667 2481 4,
688 2417 701 2470 1
722 2431 779 2484 sqq.
799 2418 827 2468 et
844 2415 877 2480 X,
900 2415 922 2480 1,
943 2415 978 2466 54
997 2413 1065 2483 sqq.)
1083 2413 1238 2467 testimonio
1256 2415 1297 2468 ni-

348 2510 388 2562 hil
412 2525 489 2576 posse
514 2507 607 2575 colligi
634 2506 688 2559 nisi
711 2505 746 2559 ad
765 2501 917 2558 scholarum
935 2520 1014 2556 usum
1033 2518 1143 2557 censum
1161 2506 1299 2572 poetarum

350 2599 438 2667 egisse
456 2595 666 2666 Aristophanem
684 2593 923 2660 Austarmumque
978 2633 1250 2647 .......
1265 2604 1296 2648 ’.
1335 2592 1441 2647 15-26

733 2753 847 2841 Caput
869 2754 942 2822 111.

241 2903 263 2969 ξ,
285 2902 309 2957 1.
346 2899 507 2965 Quintiliani
525 2899 569 2968 (X,
581 2899 606 2966 1)
627 2900 760 2953 delectum
779 2899 940 2967 scriptorum
950 2897 1109 2953 Giaecorum
1128 2897 1163 2951 ed
1181 2897 1296 2952 auctori-

346 2994 431 3044 tatem
449 3006 504 3043 non
516 2987 766 3053 Alexandrinorum,
786 2987 833 3041 sed
849 2988 962 3056 Dionysi
971 2985 1218 3041 Halicaunassensis
1237 3004 1295 3041 esse

346 3078 526 3134 referendum.
555 3078 596 3131 De
615 3076 711 3130 ceteris
730 3077 776 3146 qui
795 3077 855 3130 flios
874 3076 960 3130 secuti
979 3092 1036 3130 esse
1054 3079 1193 3144 putantur,
1214 3075 1295 3145 scrip·

346 3168 450 3222 toribus
487 3210 493 3223 .
533 3178 565 3220 .’
577 3206 1295 3222 .................
1333 3166 1438 3221 27-31

240 3294 264 3359 ξ.
285 3294 309 3346 2.
347 3291 487 3360 Nusquam
515 3306 668 3360 comparere
693 3294 814 3346 veterum
837 3291 867 3344 in
886 3289 1057 3358 scriptoribus
1076 3291 1215 3344 censendis
1234 3307 1296 3344 con-

348 3395 454 3432 sensum
485 3397 572 3448 neque
602 3380 661 3433 ideo
690 3397 748 3434 esse
775 3379 920 3434 verisimile
946 3395 1056 3432 censum
1082 3379 1296 3434 Alexandrinum

345 3471 451 3522 tentum
470 3468 594 3534 valuisse,
615 3473 745 3537 quantum
763 3469 850 3522 voluit
868 3469 1043 3523 Ruhnkenius
1061 3467 1160 3537 aliique
1198 3510 1203 3522 .
1244 3512 1249 3524 .
1289 3513 1294 3524 .
1333 3470 1438 3525 31-55

717 3629 955 3716 mmmm

346 3768 474 3824 Studium
488 3771 571 3824 libros
585 3769 752 3840 supponendi
766 3771 861 3839 pn‘scis
870 3773 1035 3840 temporibus
1045 3773 1177 3841 placuisse
1188 3772 1297 3829 Graecis
1334 3774 1439 3829 56-58
