3386 4986
786 303 998 360 ..22-

290 511 382 555 νουοι
398 481 439 553 τοί
458 513 493 553 τε
510 481 710 578 policratico
727 493 790 552 τῶν
807 483 915 553 νόθων
932 488 1153 574 διορίζοιιοινῑ
1179 498 1211 555 et
1233 495 1269 554 ci.
1286 492 1429 574 Melamp.
1445 493 1485 572 1³)

290 601 441 662 scholiast.
475 599 602 680 Dionysi
635 599 760 660 Thracis
791 600 822 658 in
856 599 990 660 Bekkeri
1024 603 1128 662 anecd.
1161 603 1221 664 vol.
1245 601 1276 661 Il
1305 619 1333 682 p.
1360 605 1485 680 741sq.

289 699 348 784 „tri
364 701 487 790 κρίνειν
502 699 544 766 τὰ
563 701 731 789 ἐμμέτρως
747 700 960 789 γεγραμμένα,
981 703 1133 768 τουτέστι
1148 700 1189 767 τὰ
1214 699 1395 792 ποιήματα,
1420 699 1487 768 ε’ίτε
1516 786 1519 792 μ

290 804 428 886 δεόντως
446 804 514 874 εἴτε
528 805 573 897 μὴ
590 803 737 889 δεόντως,
762 805 830 875 εἴτε
846 811 955 887 καλῶς
974 806 1042 875 εἴτε
1057 804 1190 899 φαύλως
1213 814 1323 876 κεῖται
1347 811 1381 882 ἐν
1404 812 1487 896 τῷδε

290 921 336 1003 τῷ
350 911 444 1001 τόπῳ
457 907 578 1004 litalde,
596 916 654 981 καὶ
670 913 731 995 τὰς
740 911 864 982 τούτοιν
880 913 972 993 ἰδίας
989 913 1111 981 εἰδέναι
1127 917 1184 983 καί
1201 912 1486 1008 ἀποφαίνεσθαιίι,

288 1027 353 1088 fieri
376 1045 435 1088 non
458 1027 558 1107 potuit
580 1028 653 1108 quin
677 1028 781 1108 quanti
806 1028 926 1088 omnino
951 1045 1042 1106 opera
1065 1039 1166 1090 essent
1188 1029 1384 1106 aestimanda,
1407 1031 1484 1091 diiu-

290 1133 437 1195 dicarent.
484 1133 533 1196 Sic
556 1133 760 1196 Callimachus
783 1135 963 1196 Antimacho
987 1135 1026 1193 de
1050 1133 1139 1213 Lyde
1162 1138 1294 1198 carmine
1318 1139 1483 1202 convitium

288 1241 374 1302 fecit:
425 1230 546 1326 „Asido
578 1237 636 1304 καί
668 1235 756 1321 παχὺ
789 1233 923 1325 γράμμα
956 1236 1010 1301 ναί,
1045 1232 1081 1302 οὐ
1115 1232 1228 1323 τορόνίί
1264 1246 1312 1320 (cs.
1342 1244 1482 1306 Schneid.

288 1346 406 1410 Gallim.
444 1349 505 1411 vol.
538 1350 573 1410 11
604 1369 633 1431 p.
668 1351 732 1414 228
765 1350 823 1430 sq.)
852 1354 944 1428 atque
968 1349 1011 1409 eis
1035 1349 1269 1429 epigrammatis,
1293 1371 1371 1429 quae
1395 1351 1484 1413 Galli·
1550 1430 1553 1435 Ι

287 1455 427 1518 maehum
458 1455 490 1515 in
522 1477 598 1538 opus
630 1458 837 1541 ,,Γραφεῖον“
871 1457 1031 1536 collegisse
1065 1455 1269 1517 Schneiderus
1291 1458 1343 1520 l.l.
1366 1477 1395 1540 p.
1422 1463 1482 1521 167

290 1563 426 1639 coniecit,
458 1583 518 1624 non
550 1564 582 1623 in
605 1557 731 1641 πίναξι,
755 1567 791 1625 ut
813 1563 1026 1625 Volkmannus
1049 1564 1099 1626 ll.
1123 1563 1230 1639 voluit,
1254 1564 1361 1625 iudicis
1383 1569 1486 1646 partes

289 1670 388 1749 egisse
422 1670 495 1730 mihi
527 1671 659 1732 uidetur.
717 1669 826 1751 Neque
858 1669 1128 1752 Aristophanes
1152 1670 1359 1752 Byzantius
1387 1675 1425 1733 ab
1449 1692 1485 1734 ea

289 1795 417 1838 censura
451 1776 605 1851 abstinuit,
632 1777 664 1836 id
687 1779 769 1856 quod
792 1799 810 1837 e
832 1778 973 1838 versibus
996 1778 1120 1840 Anthol.
1145 1777 1242 1839 Palat.
1267 1780 1396 1860 append.
1422 1783 1485 1842 286

288 1886 406 1946 elucet:

393 2091 462 2176 „ot
486 2090 620 2185 φαύλας
643 2090 768 2184 ἔστησα
790 2089 861 2160 κατ)
887 2088 1084 2183 ὀφθαλμούς
1107 2119 1153 2175 oc,
1177 2094 1359 2181 Μένανδρε,

438 2203 535 2294 τῆςόέ
557 2197 584 2289 μ’
604 2196 790 2292 (Ομηρείης,
815 2200 958 2292 φίλτατέ
979 2226 1047 2285 μοι,
1072 2203 1225 2292 κεφαλῆς·

393 2305 495 2377 Ἀλλά
522 2334 559 2378 σε
582 2303 701 2398 δεύτερ’
727 2305 821 2392 ἔταξε
845 2306 950 2400 σοφὸς
972 2307 1096 2398 κρίνειν
1117 2303 1185 2394 μετ’
1211 2308 1336 2375 ἐκεῖνον

436 2413 665 2506 γραμματικὸς
687 2411 815 2494 κλεινὸς
838 2411 990 2505 πρόσθεν
1014 2411 1289 2507 Ἀριοτοφάνης.“

374 2673 455 2733 Item
487 2669 593 2732 Grates
625 2671 833 2750 Pergamenus
860 2671 991 2731 virtutes
1013 2669 1149 2746 vitiaque
1172 2671 1330 2748 poetarum
1353 2685 1482 2746 perpen-

285 2779 331 2840 dit
354 2783 446 2858 atque
468 2779 525 2839 hoc
548 2777 734 2859 epigramma
756 2778 892 2860 (Anthol.
918 2775 980 2836 Pal.
1006 2773 1065 2849 XI,
1090 2772 1166 2849 218)
1190 2772 1373 2852 composuit:

390 3025 569 3113 ,Χοιρίλος
593 3018 791 3109 Ἀντιμάχου
813 3019 898 3087 πολὺ
922 3017 1084 3086 λείπεται·
1109 3011 1177 3082 ἀλλ’
1204 3015 1263 3082 ἐπὶ
1289 3022 1382 3084 πᾶσι
1473 3075 1476 3083 .

434 3131 593 3220 Χοιρίλον
615 3125 788 3220 Εὐφορίων
811 3121 878 3210 εἶχε
902 3129 958 3192 διὰ
983 3118 1155 3209 στόματος,

391 3239 448 3306 καί
471 3231 676 3326 κατίμλωοσ)
702 3231 797 3301 ἐντόει
820 3231 862 3299 τὰ
885 3228 1056 3325 ποιήματα
1079 3233 1137 3300 καί
1161 3231 1202 3300 τὰ
1227 3233 1371 3324 φίλητρα

434 3342 597 3436 ἀτρεκέως
619 3335 700 3434 ᾔδεα
720 3341 778 3408 καί
801 3338 862 3428 γὰρ
877 3334 1055 3432 Ὁμηρικὸς
1077 3331 1144 3433 ἦν.“

282 3706 447 3775 intellegat?
485 3691 589 3759 Deinde
616 3707 671 3755 tres
696 3702 830 3770 principes
855 3705 1027 3771 tragicorum,
1054 3701 1140 3768 quode
1158 3697 1229 3750 inira
1248 3695 1387 3757 disseram,
1410 3691 1481 3760 apud

282 3795 461 3850 Athenienses
488 3793 582 3848 multis
610 3791 687 3844 annis
716 3795 779 3844 ante
798 3791 988 3859 grammaticos
1005 3785 1199 3843 Alexandrinos
1218 3782 1368 3852 Aeschylus
1387 3786 1416 3835 et
1433 3781 1479 3835 So-

282 3885 391 3954 phocles
410 3889 437 3938 et
454 3883 598 3952 Euripides
616 3881 698 3948 vulgo
717 3880 865 3933 existimati
883 3883 954 3932 sunt.
991 3875 1113 3941 Denique
1131 3873 1269 3940 Ephorum
1287 3875 1315 3926 et
1333 3871 1480 3939 Theopom-

282 3991 347 4042 pum
371 3973 503 4042 prioribus
527 3971 662 4024 historicis
686 3969 801 4022 multum
825 3967 928 4030 cedere,
954 3968 986 4016 ut
1004 3963 1118 4016 Phctius
1137 3963 1194 4016 cod.
1216 3963 1267 4016 176
1285 3977 1311 4029 p.
1331 3961 1380 4014 121
1398 3959 1480 4016 Bekk.

282 4063 375 4128 tradit,
395 4059 592 4114 DurisSamius
606 4057 711 4111 statuit.
730 4057 824 4124 Neque
839 4056 893 4108 alia
912 4053 969 4106 eius
987 4052 1183 4106 aestimationis
1202 4051 1300 4106 desunt
1317 4049 1480 4104 testimonia.

356 4167 390 4237 ¹⁸)
409 4168 450 4221 De
474 4165 643 4234 Melampode
668 4162 768 4232 optime
786 4161 909 4230 exposuit
925 4158 1187 4214 Hoersohelmannus
1206 4159 1240 4212 de
1258 4159 1337 4212 Dion.
1356 4156 1420 4210 Thr.
1438 4156 1480 4208 in-

282 4258 446 4325 terpretibus
466 4257 549 4325 (Lips.
572 4255 660 4316 1874),
748 4321 749 4324 Ἴ
