3386 4986
732 405 953 462 ..57-

242 609 302 670 isse
326 605 467 669 Galenus
499 600 620 682 saepius
651 598 779 661 tradidit
801 596 851 674 (cf.
876 593 1037 678 Sprengeh
1060 590 1265 670 „Gsschichte
1288 593 1344 654 der
1365 591 1440 654 Ara·

242 712 417 776 neihundo“
450 709 498 771 ed.
530 706 735 769 Rosenbaum.
766 703 869 766 rohI
900 721 931 784 p.
960 700 1046 780 340).
1091 698 1236 761 Proxime
1268 704 1370 760 autem
1402 699 1442 760 ad

243 819 354 886 Geloni
377 813 579 881 narrationem
601 812 634 874 id
656 809 783 886 accedit,
814 809 897 890 qnod
918 807 1060 870 Laertius
1082 805 1236 885 Diogenes
1257 805 1353 867 refert
1374 803 1442 868 libr.

242 927 305 1002 ΙΙΙ,
325 929 385 986 25:
408 913 511 1000 »ἔνιοί
528 914 565 980 τέ
583 936 681 1004 φοον,
706 907 759 978 ὅτι
782 911 959 990 Φίλιππος
982 901 1202 986 ὁὈποῦντιος
1217 903 1295 986 τούς
1309 900 1442 992 Νόμους

243 1024 342 1096 αὐτοῦ
374 1030 404 1108 (i.
428 1049 455 1090 e.
480 1025 628 1107 Platonis)
660 1009 986 1107 μετέγραψενὸνκας
1009 1016 1043 1081 ἐν
1065 1018 1163 1104 κηρῷ·
1186 1007 1302 1080 τούτου
1326 1013 1363 1080 δὲ
1385 1013 1443 1080 καὶ

245 1132 303 1224 τὴν
321 1126 521 1213 Ἐπινομίδα
544 1127 649 1218 φασὶν
672 1118 788 1192 εἶναι.“
834 1129 938 1208 Atque
961 1126 1099 1188 Platonis
1122 1125 1259 1205 dialogos
1281 1125 1444 1206 plerosque

245 1265 314 1307 esse
346 1241 463 1324 spurios
486 1245 581 1302 etex
605 1235 859 1320 disputationibus
882 1234 1010 1296 aliorum
1033 1233 1209 1314 desumptos
1232 1231 1445 1313 Theopompus

245 1351 297 1432 (of.
319 1347 431 1412 Athen
448 1347 509 1422 XI,
534 1347 641 1420 5080.)
664 1346 796 1406 testatus
820 1345 875 1404 ost
921 1340 995 1422 Ipse
1017 1339 1129 1402 deinde
1142 1338 1327 1401 Aristoteles
1350 1338 1444 1400 libros

247 1456 403 1538 Leucippo
427 1450 600 1534 suppositos
623 1453 836 1512 commemorat
858 1445 908 1532 (cf.
932 1447 971 1508 de
995 1447 1136 1527 Xenoph.
1159 1445 1230 1508 Zen.
1255 1443 1350 1524 Gorg.
1374 1467 1400 1510 o.
1424 1452 1443 1509 6

244 1582 273 1645 p.
299 1563 432 1635 asoa?
477 1544 655 1638 »καθάπερ
688 1549 721 1616 ἐν
753 1554 826 1630 τοῖς
857 1548 1063 1616 Λειοιίπποο
1093 1547 1307 1632 καλουμένοις
1334 1544 1445 1635 λόγοις

245 1665 474 1752 γέγραπται“),
497 1661 555 1722 nisi
577 1661 605 1722 is
626 1661 751 1723 libellus
774 1661 937 1742 Stag'ritae
961 1661 1153 1740 abrogandas
1176 1663 1231 1722 est.
1277 1659 1443 1740 Quousque

248 1793 323 1836 vero
341 1767 511 1832 litterariae
529 1767 644 1830 fraudis
661 1766 786 1830 lieentia
800 1767 990 1849 processerit,
1013 1766 1102 1829 facile
1121 1787 1162 1828 ex
1185 1785 1220 1828 eo
1243 1765 1444 1846 intellegitur,

248 1880 329 1960 quod
361 1872 571 1938 Anaximenes
602 1875 659 1934 suh
690 1874 811 1936 nomine
844 1873 1031 1956 Theopompi
1062 1873 1128 1955 ipso
1152 1873 1345 1955 Theopompo
1373 1874 1445 1937 viro
1509 1883 1512 1889 '

250 1973 495 2068 ,,Τρικάροινον“
519 1979 632 2041 librum
654 1980 802 2042 famosum
825 1982 955 2045 confecit
976 1981 1020 2044 ita
1042 1985 1077 2043 ut
1100 1999 1117 2041 a
1139 1979 1244 2041 multis
1260 1979 1445 2063 Theopompi

247 2093 411 2154 haberetur
448 2084 499 2171 (of.
532 2086 677 2148 Muelleri
708 2088 815 2166 fragm.
848 2087 918 2153 hist.
952 2086 1060 2151 Graec.
1093 2087 1153 2150 vol.
1185 2087 1258 2168 Ip.
1282 2085 1445 2167 LXXIV).

250 2199 333 2271 Quid
355 2197 452 2276 igitur
478 2192 605 2267 mireris,
638 2194 664 2253 si
687 2192 869 2253 Heraclides
892 2191 1045 2268 Ponticus,
1068 2199 1104 2254 ut
1125 2193 1330 2254 Aristoxenus
1352 2192 1445 2256 Musi-

247 2326 301 2368 ous
324 2303 373 2384 (of.
397 2299 499 2362 Laert.
524 2298 610 2377 Diog.
635 2298 673 2374 V,
698 2298 753 2378 92)
777 2295 948 2373 affirmavit,
971 2298 1143 2375 tragoedias
1166 2317 1184 2360 a
1211 2320 1244 2360 se
1267 2300 1446 2382 compositas

247 2410 369 2472 nomine
392 2403 556 2486 Thespidis
578 2408 775 2486 praenotasse
796 2401 934 2466 dicitur?
981 2403 1171 2485 Quamquam
1194 2404 1335 2488 Euripidi
1355 2425 1445 2488 porro

248 2517 387 2577 Rhesum
418 2512 551 2574 tabulam
584 2531 652 2573 esse
685 2510 840 2572 subditam
862 2528 942 2570 nuno
965 2529 1069 2572 omnes
1091 2511 1156 2572 sere
1179 2513 1373 2576 consentiunt
1394 2515 1444 2594 (of.

249 2618 537 2702 Bernhardyihist
561 2616 621 2680 litt.
645 2616 717 2696 gr.3
739 2615 780 2693 H,
805 2622 834 2693 2,
858 2607 888 2698 μ’
912 2619 977 2678 484
1001 2621 1086 2696 sqq.),
1110 2623 1212 2680 tamen
1236 2638 1302 2681 eam
1324 2620 1445 2703 Euripi-

248 2728 380 2790 discsse
398 2727 431 2788 in
454 2723 626 2788 didascaliis
648 2723 816 2786 indicatum
839 2726 1020 2802 arctatque
1043 2725 1181 2801 eandem,
1204 2746 1294 2806 quam
1316 2746 1371 2790 nos
1394 2728 1444 2790 ha

246 2837 362 2910 bemus,
396 2833 573 2896 Dicaearchi
608 2830 795 2912 temporibus
822 2829 960 2892 homines
982 2831 1121 2892 manibus
1144 2831 1278 2894 tenuisse
1300 2833 1368 2895 ideo
1390 2853 1445 2916 pu-

247 2942 372 3002 tendum
414 2944 470 3016 est,
511 2938 582 3018 quia
614 2941 829 3015 argumentum
861 2954 879 2996 a
911 2935 1094 2998 Dicaearcho
1126 2939 1295 3000 confectum
1318 2940 1446 3022 scriptor

248 3044 357 3104 Rhesu
387 3044 578 3124 hypothesis,
610 3042 662 3122 qui
694 3042 725 3102 id
757 3041 899 3102 laudavit
930 3040 977 3116 (of.
1001 3040 1137 3104 Dindorfi
1168 3049 1247 3125 poet.
1277 3065 1375 3109 scaen.
1399 3066 1445 3127 gr.

249 3149 321 3209 fasc.
344 3147 399 3208 III
421 3168 450 3228 p.
469 3152 486 3210 1
512 3167 592 3208 num
616 3148 673 3226 II),
696 3147 817 3214 fabulae
840 3166 921 3207 nunc
944 3153 1084 3209 servatae
1107 3168 1273 3230 congruum
1296 3153 1395 3217 duxit.

339 3252 544 3314 Mercaturam
575 3271 649 3315 vero
672 3251 818 3315 librorum
841 3253 987 3334 imprimis
1010 3255 1141 3317 feracem
1164 3245 1256 3320 fuisse
1278 3258 1458 3322 litterariae·

231 3357 365 3420 'fraudis
393 3363 425 3419 et
446 3357 615 3437 antiquitus
637 3377 693 3439 per
723 3358 904 3442 bibliopolas
936 3380 1097 3422 nnmerum
1129 3355 1446 3451 ,,ψευδεπιγράφων“

248 3465 438 3527 voluminum
461 3467 583 3525 auctum
606 3484 674 3526 esse
697 3467 781 3526 recte
805 3465 912 3528 statuit
942 3465 1078 3530 Meiorus
1109 3470 1159 3532 l.l.
1192 3489 1221 3551 p.
1256 3475 1308 3536 84.
1354 3472 1447 3535 Dedit

249 3569 458 3634 testimonium
489 3569 702 3649 gravissimum
736 3569 923 3634 Aristoteles
946 3575 1027 3654 apud
1049 3575 1230 3657 Dionysium
1252 3577 1445 3641 Halicarnas-

250 3697 371 3740 sensem
394 3677 433 3738 de
456 3676 582 3740 Isocrat.
606 3675 668 3740 iud.
691 3695 716 3739 c.
741 3679 781 3738 18
807 3698 834 3758 p.
861 3681 922 3742 576
947 3679 985 3742 R.
1009 3680 1117 3764 (Arist.
1133 3683 1233 3747 Berol.
1256 3705 1284 3766 p.
1303 3686 1444 3766 l500b):

251 3779 397 3864 „ddcpoag
430 3772 517 3844 πάνυ
549 3774 685 3858 πολλὰς,
717 3782 817 3862 inquit
844 3785 1018 3866 Dionysius,
1043 3785 1219 3852 δικανικῶν
1241 3781 1345 3874 λόγων
1364 3781 1444 3854 Ἰσο-

249 3883 409 3974 κρατείων
440 3883 689 3974 περιφέρεσθαί
715 3907 817 3975 φησιν
839 3881 906 3953 ’ὑπὸ
923 3891 1159 3974 βιβλιοπωλῶν
1181 3887 1444 3982 Ἀριστοτέλης.“

250 3993 360 4058 Contra
392 3997 559 4059 orationem
589 3997 761 4059 iudicialem
784 3999 899 4061 nullam
923 3999 1083 4080 Aphareus
1106 4004 1250 4066 isocratis
1272 4003 1441 4085 privignus,

250 4099 471 4184 Cephisodotus
502 4103 648 4165 isocratis
680 4104 800 4166 auditor
831 4106 964 4167 maxime
996 4128 1159 4187 germanus
1191 4129 1303 4191 pauens
1325 4113 1363 4172 ab
1387 4113 1444 4174 hoc

175 4250 177 4254 -
251 4211 368 4268 oratore
407 4207 533 4287 scriptas
570 4229 638 4270 esse
676 4213 912 4276 contenderunt.
964 4213 1086 4284 Quanto
1118 4215 1214 4293 igitur
1240 4216 1341 4279 studio
1363 4220 1445 4299 apud

252 4311 394 4388 Graecos,
417 4312 592 4392 priusquam
616 4315 782 4380 Ptolemaei
814 4319 907 4380 libros
935 4320 1070 4398 undique
1093 4339 1230 4382 coemere
1253 4323 1445 4406 inceperunt,
