3386 4986
751 288 1044 372 -.5-.’

249 513 319 571 utra
344 508 416 587 lege
439 542 480 554 -
506 511 608 570 utrum
631 500 716 570 κατὰ
737 497 872 593 χ’ρόνους
893 525 932 570 an
956 497 1043 568 κατὰ
1068 504 1216 583 στοιχεῖα
1240 539 1281 550 -
1306 523 1357 568 eas
1380 503 1447 567 Cal-

249 614 400 676 limachus
416 612 589 692 digesserit,
611 633 685 676 num
704 612 889 677 Schneidero
907 616 1043 676 statuere
1061 610 1169 674 licuit?
1202 608 1308 683 Quid?
1339 609 1448 674 Nonne

170 766 172 772 .
251 720 454 782 Callimachus
491 719 583 782 etiam
623 719 711 782 libris
749 719 782 781 iu
819 719 1033 782 enumerandis
1069 717 1203 781 rationes
1225 717 1301 780 aliae
1324 718 1448 782 adalia

252 826 432 908 scriptorum
464 845 578 906 genera
605 826 744 889 adhibuit
765 827 821 907 (ci.
837 824 1106 888 Wachsmuthium
1127 824 1181 890 l.l.
1205 845 1234 906 p.
1260 827 1322 888 662
1348 822 1447 904 sqq.)?

251 931 340 1002 Quae
367 952 436 994 cum
466 933 511 996 ita
533 933 603 1010 sint,
626 931 806 995 Schneideri
828 933 906 995 illud
928 951 1030 994 merae
1053 932 1246 995 coniecturae
1268 931 1447 1011 figmemum

251 1038 336 1100 flocci
376 1059 436 1102 non
474 1040 600 1102 iacimus
637 1059 737 1120 neque
775 1041 922 1102 habemus
962 1059 1017 1101 cur
1049 1036 1224 1102 Callimachi
1256 1033 1401 1112 minusue
1428 1055 1447 1100 a

251 1144 453 1208 bibliothecae
475 1145 707 1208 Alexandrinae
729 1146 876 1226 catalogis
897 1145 990 1208 fuisse
1013 1145 1152 1208 diversos
1173 1149 1325 1226 putemne

341 1251 489 1322 Quamvis
522 1271 597 1314 vero
620 1245 797 1314 Callimachi
819 1273 896 1334 opus
917 1251 1108 1314 meritissimo
1132 1255 1213 1333 apud
1235 1254 1373 1332 posteros
1395 1249 1446 1311 ho

250 1358 374 1420 neribus
407 1363 487 1421 esset
518 1359 721 1438 laudibusque
754 1357 874 1420 eximiis
896 1360 1092 1434 celebratum,
1116 1363 1218 1420 tamen
1240 1356 1372 1418 dubitari
1394 1375 1446 1416 ne-

250 1464 324 1543 quit,
347 1464 421 1544 quin
439 1465 611 1544 corrigendi
629 1484 708 1545 quae
725 1485 781 1547 per
804 1484 923 1527 errores
945 1465 1050 1547 lapsus
1073 1483 1181 1548 parum
1203 1467 1344 1526 accurate
1368 1443 1463 1524 trac'

250 1574 378 1646 taverat,
410 1572 584 1634 occasiones
612 1572 740 1636 dederit.
794 1569 932 1652 Namque
955 1589 1170 1654 saepenumero
1193 1590 1262 1634 oum
1284 1571 1381 1644 fieret,
1412 1573 1448 1632 ut

155 1761 158 1770 .
249 1675 282 1736 in
304 1677 484 1759 scriptorum
507 1698 636 1740 recensu
658 1679 795 1741 faciendo
817 1698 906 1740 nemo
929 1679 958 1740 ei
982 1678 1140 1760 praeisset,
1164 1675 1367 1740 Callimachus
1384 1695 1446 1738 om·

250 1782 308 1858 nia,
340 1802 419 1862 quae
450 1783 567 1848 incerta
599 1791 709 1863 essent,
741 1787 773 1847 iu
802 1805 933 1848 examen
954 1785 1021 1868 ipse
1043 1785 1160 1868 primus
1182 1787 1307 1847 vocaret
1328 1789 1445 1865 oporte-

249 1889 311 1951 bat.
358 1889 461 1969 Atque
490 1910 560 1952 oum
582 1893 614 1953 in
637 1892 705 1956 ahie
728 1893 925 1974 scriptoribus
947 1891 1157 1969 diiudicandis,
1180 1895 1246 1954 tum
1267 1891 1299 1951 in
1322 1889 1445 1952 oratori-

249 1995 307 2056 bus
330 1993 531 2060 Callimachus
555 1999 741 2082 compluries
758 1999 883 2062 videtur
905 2019 1058 2082 peccasse,
1081 1999 1181 2080 quode
1204 1997 1318 2060 diserte
1341 1995 1445 2076 dispu-

250 2105 362 2164 tantem
395 2103 620 2166 Rehdantrium'
651 2103 831 2168 Sohaeierus
862 2107 936 2169 lecit
966 2107 998 2166 in
1020 2107 1089 2168 libr.
1121 2104 1359 2182 „Demosthenes
1381 2103 1445 2162 und

250 2208 335 2270 scine
367 2208 452 2270 zoir‘
475 2211 536 2273 vol.
558 2211 612 2300 lII
635 2233 664 2292 p.
691 2216 754 2274 319
778 2233 843 2292 sqq.
889 2212 972 2283 Quid
995 2215 1097 2274 autem
1119 2211 1200 2291 quod
1222 2209 1277 2272 illa
1291 2210 1323 2270 in
1347 2207 1444 2270 Theo·

249 2315 363 2376 crinem
387 2315 482 2378 oratio
505 2320 541 2378 ut
561 2315 643 2378 inter
665 2316 916 2408 Demosthenicas
939 2318 1114 2394 referretur,
1137 2314 1313 2379 Callimachi
1335 2313 1444 2378 iudicio

248 2421 361 2482 fectum
389 2425 444 2497 est,
476 2439 567 2501 quam
589 2441 650 2484 non
673 2444 742 2486 esse
765 2425 874 2486 summi
896 2423 1023 2487 oratorie
1045 2423 1198 2500 evincunt,
1222 2441 1300 2502 quae
1322 2422 1354 2483 in
1376 2422 1444 2504 ipsa

249 2543 287 2586 ea
304 2526 438 2589 oratione
457 2532 563 2592 contra
580 2530 815 2594 Demosthenem
839 2529 1002 2592 dicuntur?
1025 2530 1074 2612 (of.
1093 2529 1242 2592 Meierum
1261 2528 1310 2592 l.l.
1329 2551 1358 2612 p.
1379 2529 1444 2608 89).

249 2631 363 2701 Quidni
387 2634 481 2713 igitur
503 2636 581 2698 hauc
603 2637 768 2699 orationem
792 2637 892 2697 virum
914 2636 1003 2698 illum
1024 2637 1137 2717 legisse
1159 2636 1329 2716 negemus?
1366 2640 1444 2699 Sanc

248 2739 348 2801 omnia
370 2741 524 2804 volumina
546 2743 725 2825 perlegendi
747 2745 866 2806 muneri
888 2744 980 2806 unius
1001 2743 1132 2807 hominis
1153 2745 1236 2806 vires
1258 2763 1318 2805 non
1337 2761 1443 2824 suppe-

248 2845 355 2908 tebant
376 2865 475 2926 neque
498 2848 618 2912 omnino
641 2850 673 2912 id
696 2850 826 2912 officium
849 2850 914 2912 eius
937 2855 994 2927 est,
1017 2851 1070 2930 qui
1092 2850 1293 2913 bibliothecae
1318 2869 1390 2931 opes
1411 2849 1443 2909 in

248 2951 402 3031 catalogos
434 2955 535 3018 refert
582 2955 643 3026 Qui
665 2955 760 3036 igitur
782 2955 814 3016 in
832 2956 1017 3020 bibliotheca
1039 2956 1250 3019 Alexandrina
1273 2955 1442 3018 custodien-

203 3089 206 3094 ·
249 3057 287 3116 da
319 3060 526 3137 succederent,
548 3061 783 3126 Eratosthenem
806 3069 839 3125 et
860 3062 1057 3146 Apollonium
1080 3062 1145 3124 sire
1166 3062 1295 3144 propriis
1317 3060 1405 3122 libris
1415 3060 1442 3139 ⁴)

249 3159 315 3220 sive
337 3162 411 3242 ipsis
433 3165 464 3225 in
487 3167 637 3231 indicibus
659 3189 779 3232 errores
802 3168 979 3232 Callimachi
1002 3168 1164 3230 emendare
1187 3167 1342 3230 studuisse
1359 3167 1441 3230 haud

247 3266 433 3331 incommode
465 3271 538 3334 licet
569 3274 692 3355 opinari.
737 3275 890 3358 Inprimis
920 3294 995 3337 vero
1021 3274 1243 3355 Aristophanes
1265 3272 1441 3356 Byzantius,

247 3394 338 3452 quem
353 3374 554 3438 bibliothecae
569 3379 671 3460 copias
693 3382 799 3444 sedulo
822 3363 1047 3462 perscrutatum
1069 3396 1137 3442 esse
1160 3400 1201 3463 ea
1224 3380 1327 3442 verbis
1350 3397 1440 3462 appa·

245 3535 454 3544 muna—...w-

245 3619 376 3689 catalogis
395 3621 477 3674 libros
497 3624 603 3676 vicenos
622 3628 765 3693 quaternos
783 3627 868 3694 (ΔιΩ)
887 3625 1024 3680 tribueret.
1062 3624 1120 3691 Quo
1137 3626 1202 3694 quid
1221 3625 1348 3680 audacius
1366 3625 1438 3691 eogi-

244 3711 296 3762 tari
314 3709 422 3778 potest?

315 3800 337 3865 ⁴)
355 3797 380 3850 A
398 3800 478 3853 rebus
506 3801 646 3856 litterariis
674 3801 717 3856 illi
734 3802 785 3856 viri
803 3821 856 3857 non
880 3803 1080 3860 abstinuerunt:
1108 3803 1235 3858 laudatur
1252 3803 1439 3858 Eratosthenis

245 3886 313 3940 liber
339 3891 402 3958 περὶ
428 3888 572 3960 κωμῳδίας
600 3891 708 3960 saepius
735 3891 781 3958 (ci.
809 3893 926 3948 Meinald
944 3893 1007 3949 bist.
1027 3893 1086 3948 crit.
1104 3909 1171 3951 com.
1190 3910 1231 3962 gr.
1249 3909 1275 3962 p.
1296 3892 1341 3962 11)
1358 3896 1439 3960 atque

244 3973 413 4042 Apollonium
432 3978 465 4031 de
483 3982 622 4048 poetarum
640 3997 796 4048 graecorum
813 3981 941 4036 memoria
958 3985 1177 4051 vetustarumque
1194 3981 1284 4036 indole
1302 3985 1331 4035 et
1347 3980 1438 4034 condi·

246 4062 320 4116 oioue
346 4065 453 4119 uberius
480 4072 688 4122 commentatum
715 4087 773 4124 esse
801 4069 981 4137 Muetzcllius,
1009 4071 1054 4125 cui
1072 4087 1197 4126 assensus
1215 4077 1257 4125 est
1274 4069 1438 4125 Ritscheliua

246 4149 290 4203 l.l.
319 4167 344 4218 p.
374 4153 424 4206 142
444 4160 472 4206 et
488 4171 593 4225 parerg.
613 4157 702 4214 Plaut.
720 4175 746 4227 p.
765 4159 824 4214 620.
844 4160 872 4213 in
891 4159 952 4214 libr.
972 4160 1005 4213 de
1024 4159 1128 4216 emend.
1146 4159 1266 4227 Theogn.
1284 4157 1393 4216 Hesiod.
1412 4175 1437 4227 p.

245 4237 297 4292 288
315 4239 489 4306 probabiliter
506 4243 706 4302 demonstrarit
