3386 4986
686 349 905 408 ..33-

195 539 275 628 'pred‘
311 537 463 630 (Όμηρον,
497 535 581 605 κατὰ
615 537 652 605 δέ
674 563 766 617 τινας
789 538 846 604 καὶ
869 530 944 621 μεθ’
974 531 1137 602 Ἡσίοδον
1160 535 1217 601 καὶ
1242 531 1395 620 Ἀντίμα-

199 659 286 734 χον.“
300 655 342 732 17)
388 651 448 713 Sed
482 652 572 714 ctiam
596 649 811 720 Antimachum
834 647 981 724 nonnulli,
1005 647 1093 708 velut
1115 637 1278 728 Antipater
1303 647 1395 709 Thes·

143 789 150 804 ·
202 757 398 823 salonicensis
421 758 557 837 (Anthol.
580 757 678 819 Palat.
703 755 779 834 vll.
797 754 875 835 409)

309 933 399 1016 „Kal
421 930 539 1023 ναοτὴρ
561 933 762 1020 Κολοφῶνος
783 923 981 1020 indicuntur
1002 928 1063 1010 μὲν
1090 921 1228 1017 ‘Opicon

353 1033 485 1127 ἁγεῖται
508 1034 536 1106 d'
561 1031 668 1105 dulus
691 1031 843 1116 πλάθεος
864 1028 1088 1121 ὑμνοπόλονν,“
1123 1023 1127 1030 ⁸

203 1225 335 1286 Homero
358 1223 593 1286 subiuuxerunt.
627 1220 686 1282 His
709 1197 1036 1283 controversiisfacile
1059 1218 1125 1279 fieri
1148 1217 1256 1300 potuit,
1279 1221 1314 1280 ut
1337 1219 1419 1309 api-¹

203 1351 305 1394 corum
337 1331 475 1392 delectus
502 1328 588 1390 varia
610 1321 889 1410 circunscriptione
913 1325 1231 1408 comprehenderetur.
1278 1325 1399 1390 Cetero-

169 1513 170 1516 ,
203 1439 274 1519 quin
308 1457 375 1498 cum
408 1437 517 1510 Suidas
550 1457 573 1497 s.
597 1455 627 1498 v.
662 1424 812 1520 Θάμυρις
843 1425 1029 1513 »ἐποποιὸς
1052 1421 1177 1514 ὄγδοος,
1200 1432 1308 1515 inquit,
1332 1425 1399 1518 πρὸ

208 1532 355 1630 Ὁμήρου,
388 1535 474 1606 κατὰ
509 1537 545 1604 δὲ
577 1529 696 1616 ἄλλους
722 1537 919 1622 rra'prcccg‘f„
932 1542 971 1601 ad
992 1539 1110 1601 indices
1132 1539 1234 1620 magui
1257 1539 1396 1616 ambitus,

128 1645 132 1653 ⁴
199 1651 231 1712 in
263 1651 375 1732 quibus
406 1650 503 1733 po'e‘tis
530 1648 682 1724 fabulosis,
706 1648 758 1728 qui
782 1651 820 1710 ab
843 1648 977 1710 Homero
1001 1647 1089 1710 Iliad.
1116 1645 1157 1724 Π,
1182 1637 1247 1710 595
1266 1647 1397 1710 comma-

80 1783 86 1796 =
135 1737 141 1750 ⁸
200 1762 365 1834 morantur,
388 1757 473 1818 locus
498 1754 587 1818 datus
611 1761 685 1832 erat,
708 1757 833 1820 videtur
857 1753 1037 1838 spectasse.

291 1969 351 2034 Sed
375 1972 413 2032 ad
436 1967 713 2054 iambcgraphos
737 1977 933 2034 transeamus.
980 1970 1049 2050 „Ex
1073 1968 1171 2034 tribus
1194 1968 1334 2050 receptio,
1357 1968 1399 2043 ait
1464 1957 1466 1960 ¹

203 2076 408 2146 Quintilianus
440 2078 492 2140 l.l.
525 2058 553 2156 ξ’.
579 2081 630 2153 59,
663 2077 835 2140 Aristarchi
865 2077 974 2139 iudicio
1008 2077 1204 2160 scriptoribus
1232 2077 1399 2138 iamborum

183 2184 240 2263 ,ad
264 2177 333 2262 ἕξιν
355 2186 488 2246 maxime
511 2183 676 2268 pertinebit
697 2204 777 2246 unus
795 2183 1025 2250 Archilochus.“
1057 2169 1132 2246 Ouni
1155 2183 1249 2264 igitur
1265 2183 1399 2246 ordinem
1488 2195 1490 2200 '

202 2281 310 2352 horum
342 2277 499 2372 poetarum
530 2289 624 2352 fuisse
654 2290 801 2352 ‘haditum
824 2289 873 2366 sit,
896 2289 1018 2370 quinam
1042 2291 1106 2352 eius
1130 2294 1233 2353 esseut
1255 2290 1308 2352 alii
1329 2291 1399 2367 duo,

204 2433 244 2439 —
270 2394 463 2458 Semouidem
484 2396 686 2476 Amorginum
701 2395 742 2476 ¹⁸)
770 2399 802 2458 et
823 2395 1048 2480 Hipponactem
1081 2397 1161 2460 dixit
1184 2434 1225 2443 —
1249 2397 1398 2478 quaestio-

204 2519 273 2560 nem
306 2522 339 2562 se
371 2503 554 2584 persolvisse
577 2502 781 2564 Ruhnkenius
804 2503 861 2564 sibi
883 2503 1036 2590 persuasit
1057 2515 1157 2584 neq'ue
1180 2505 1256 2566 falso
1275 2507 1400 2586 putatur

204 2608 376 2670 temeritate
408 2629 532 2694 vacasse
554 2614 725 2692 propterea,
753 2611 834 2690 quod
858 2610 962 2671 ordine
987 2616 1157 2694 temporum
1181 2615 1301 2674 servato
1324 2612 1400 2672 duos

202 2713 271 2774 illos
294 2720 400 2796 poetas
416 2716 598 2779 Archilocho
622 2722 655 2778 ct
677 2717 805 2798 scriptor
826 2717 858 2777 iu
880 2718 953 2779 roll.
977 2718 1164 2780 Herculann.
1189 2718 1256 2780 coll.
1280 2717 1316 2778 ΙΙ
1339 2718 1398 2780 vol.

201 2819 249 2895 IV
271 2843 301 2902 p.
327 2826 389 2885 201
407 2802 410 2808 ’
425 2829 458 2886 et
489 2824 641 2886 Luciacus
674 2824 816 2886 Pseudol.
850 2844 874 2890 c.
899 2829 916 2884 2
952 2846 980 2905 p.
1012 2829 1073 2887 163
1098 2825 1195 2886 Reitz.
1220 2829 1252 2885 et
1274 2825 1400 2885 Proclus

202 2948 231 3008 p.
256 2929 319 2990 319
355 2928 456 2993 Bekh.
490 2932 530 3012 (p.
557 2936 619 2994 346
654 2929 762 3011 Gaisf.)
795 2935 827 2993 et
858 2931 1022 3012 scriptores
1055 2933 1136 2994 tabb.
1161 2930 1250 2994 Coisl.
1274 2930 1300 3010 ᾖ.
1326 2935 1343 2990 2
1369 2936 1400 2992 et

204 3032 290 3094 Bodl.
324 3035 349 3114 §.
372 3037 424 3098 IX
457 3037 617 3103 subiciunt.
664 3039 726 3100 Fac
749 3042 851 3108 autem
875 3058 915 3098 ex
939 3037 987 3098 his
1008 3037 1153 3098 iudicium
1176 3035 1398 3100 Alexandrino-

204 3158 272 3198 rum
304 3143 419 3223 colligi:
451 3145 574 3206 minime
598 3147 734 3222 deerant,
767 3144 819 3224 qui
847 3145 885 3206 ab
909 3163 944 3205 eo
967 3143 1157 3223 aliquantum
1180 3145 1397 3234 discreparent.

104 3278 106 3284 ι
204 3245 338 3308 Primum
376 3247 456 3312 enim
494 3256 526 3314 et
548 3252 712 3314 Diomedes
735 3253 872 3332 (gramm.
897 3251 962 3312 latt
986 3251 1046 3312 vol.
1070 3250 1088 3310 Ι
1111 3271 1139 3330 p.
1164 3252 1227 3312 435
1252 3250 1344 3331 Keil.)
1368 3257 1400 3314 et

203 3351 334 3416 Ioannes
358 3355 466 3420 Tzetza
493 3354 572 3443 περὶ
596 3355 760 3444 διαφορᾶς
783 3357 930 3444 ποιητῶν
952 3378 981 3438 p.
1007 3340 1068 3418 339
1094 3354 1191 3418 Cram.
1217 3359 1291 3420 duos
1315 3359 1398 3420 dum-

202 3463 289 3522 taxat
322 3461 412 3525 huius
443 3465 564 3543 generis
595 3471 700 3548 poetas
730 3463 1004 3546 praestantissimos
1033 3463 1254 3524 Archilochum
1282 3463 1398 3546 Hippo·

202 3571 383 3650 nactemque
415 3571 629 3636 laudaverunt.
660 3572 793 3648 ‘Deinde
820 3572 945 3634 Isaacus
969 3570 1080 3634 Tnetna
1103 3571 1121 3631 l.
1131 3571 1151 3632 l.
1175 3589 1204 3652 p.
1230 3576 1293 3634 254
1316 3571 1398 3634 Ana

274 3859 309 3927 ¹')
328 3859 452 3916 Forsitan
472 3862 569 3916 Suidas
587 3862 637 3916 hoc
655 3863 713 3916 loco
733 3861 893 3916 Pisandrum
913 3863 947 3914 ab
965 3860 1072 3929 optimis
1091 3861 1173 3930 epicis
1192 3830 1363 3932 separaverit.

274 3947 307 4015 18)
326 3947 403 4013 Quod
428 3951 544 4020 scriptor
568 3951 677 4005 tabulae
704 3951 786 4005 Coisl.
813 3952 847 4020 (ἓ.
867 3953 893 4018 9)
919 3965 1059 4018 perperam
1077 3951 1193 4005 monuit:
1221 3952 1330 4017 ,,ἰστέον
1348 3938 1399 4002 οὖν

203 4031 245 4084 ὅτι
265 4037 421 4106 Σημωνίδης
446 4040 499 4109 μὲν
525 4038 541 4092 o‘
563 4039 667 4112 λυρικός
685 4038 733 4092 δὀἱ
749 4044 799 4091 τοῦ
818 4048 866 4103 ,,η“
884 4037 1033 4110 γράφεται,
1053 4039 1203 4110 Σιμωνίδης
1221 4039 1252 4091 δὲ
1270 4039 1286 4090 o‘
1304 4041 1399 4110 ἰαμβο-

202 4119 279 4182 ποιός
297 4123 342 4184 dcci
361 4133 411 4179 τοῦ
430 4132 484 4194 ,,ι“,
502 4129 552 4184 hoc
571 4131 604 4182 ab
623 4130 904 4200 aucurentymolu.
920 4145 945 4197 p.
965 4129 1025 4194 713,
1048 4129 1079 4182 17
1099 4133 1171 4182 recte
1189 4130 1218 4181 in
1236 4129 1399 4184 contrarium

203 4212 325 4268 vertitur.
353 4215 460 4270 Dicitur
470 4207 545 4272 ‘enim
563 4219 773 4288 iambcgraphus
792 4219 822 4272 iu
839 4217 974 4272 volumine
983 4217 1093 4272 Hercul.
1112 4215 1305 4287 ,,ἕημωνίδης“
1317 4221 1397 4288 atque
1468 4235 1470 4240 ’
1530 4196 1535 4206 ¹

201 4301 346 4372 Leoprepis
364 4303 414 4371 fili,
437 4301 485 4360 Cei
503 4323 599 4362 nomen
616 4307 645 4362 in
663 4323 794 4364 marmore
812 4309 891 4364 Pario
910 4323 934 4362 r.
954 4307 1120 4362 ruinosum
1139 4311 1180 4360 est
1199 4305 1396 4378 ,,Σιμωνί(1ης“,
1419 4283 1423 4292 ’

1187 4396 1205 4452 3
