<?xml version="1.0" encoding="UTF-8"?>
<!DOCTYPE html PUBLIC "-//W3C//DTD XHTML 1.0 Transitional//EN"
    "http://www.w3.org/TR/xhtml1/DTD/xhtml1-transitional.dtd">
<html xmlns="http://www.w3.org/1999/xhtml" xml:lang="en" lang="en">
 <head>
  <title>
</title>
<meta http-equiv="Content-Type" content="text/html;charset=utf-8" />
  <meta name='ocr-system' content='tesseract 3.04.00' />
  <meta name='ocr-capabilities' content='ocr_page ocr_carea ocr_par ocr_line ocrx_word'/>
</head>
<body>
  <div class='ocr_page' id='page_1' title='image "./decanonequidici00stefgoog_0048.png"; bbox 0 0 3386 4986; ppageno 0'>
   <div class='ocr_carea' id='block_1_1' title="bbox 777 321 994 397">
    <p class='ocr_par' dir='ltr' id='par_1_1' title="bbox 777 321 994 397">
     <span class='ocr_line' id='line_1_1' title="bbox 777 321 994 397; baseline 0.005 -23"><span class='ocrx_word' id='word_1_1' title='bbox 777 321 994 397; x_wconf 37' lang='lat' dir='ltr'>..ab</span> 
     </span>
    </p>
   </div>
   <div class='ocr_carea' id='block_1_2' title="bbox 288 501 1488 1352">
    <p class='ocr_par' dir='ltr' id='par_1_2' title="bbox 288 501 1488 1352">
     <span class='ocr_line' id='line_1_2' title="bbox 288 501 1486 610; baseline -0.001 -26"><span class='ocrx_word' id='word_1_2' title='bbox 288 537 420 606; x_wconf 82' lang='lat' dir='ltr'>appono:</span> <span class='ocrx_word' id='word_1_3' title='bbox 452 509 625 606; x_wconf 74' lang='lat' dir='ltr'>„yeydrococ</span> <span class='ocrx_word' id='word_1_4' title='bbox 657 518 786 606; x_wconf 82' lang='grc' dir='ltr'><strong><em>λυρικοὶ</em></strong></span> <span class='ocrx_word' id='word_1_5' title='bbox 814 519 872 586; x_wconf 83' lang='grc' dir='ltr'>καὶ</span> <span class='ocrx_word' id='word_1_6' title='bbox 896 517 928 588; x_wconf 82' lang='lat' dir='ltr'>oi</span> <span class='ocrx_word' id='word_1_7' title='bbox 952 513 1173 610; x_wconf 77' lang='grc' dir='ltr'><strong><em>πραττόμενοι</em></strong></span> <span class='ocrx_word' id='word_1_8' title='bbox 1190 521 1231 604; x_wconf 70' lang='lat'>²1)</span> <span class='ocrx_word' id='word_1_9' title='bbox 1256 516 1355 599; x_wconf 76' lang='grc' dir='ltr'><strong><em>ἐννέα,</em></strong></span> <span class='ocrx_word' id='word_1_10' title='bbox 1378 501 1422 584; x_wconf 81' lang='grc' dir='ltr'>ὧν</span> <span class='ocrx_word' id='word_1_11' title='bbox 1444 509 1486 584; x_wconf 82' lang='grc' dir='ltr'>τὰ</span> 
     </span>
     <span class='ocr_line' id='line_1_3' title="bbox 291 619 1486 718; baseline 0 -26"><span class='ocrx_word' id='word_1_12' title='bbox 291 619 435 712; x_wconf 84' lang='grc' dir='ltr'><strong><em>ὀνόματα</em></strong></span> <span class='ocrx_word' id='word_1_13' title='bbox 468 625 541 692; x_wconf 79' lang='grc' dir='ltr'><strong><em>ἐστι</em></strong></span> <span class='ocrx_word' id='word_1_14' title='bbox 573 624 772 702; x_wconf 62' lang='grc' dir='ltr'><strong><em>ταῦτα....’,</em></strong></span> <span class='ocrx_word' id='word_1_15' title='bbox 787 635 965 712; x_wconf 87' lang='lat' dir='ltr'>sequuntur,</span> <span class='ocrx_word' id='word_1_16' title='bbox 991 629 1076 718; x_wconf 81' lang='lat' dir='ltr'>¹quae</span> <span class='ocrx_word' id='word_1_17' title='bbox 1110 633 1200 694; x_wconf 91' lang='lat' dir='ltr'>modo</span> <span class='ocrx_word' id='word_1_18' title='bbox 1232 629 1486 705; x_wconf 83' lang='lat' dir='ltr'><strong>enumeravimus,</strong></span> 
     </span>
     <span class='ocr_line' id='line_1_4' title="bbox 288 727 1486 824; baseline -0.005 -22"><span class='ocrx_word' id='word_1_19' title='bbox 288 730 375 802; x_wconf 81' lang='grc' dir='ltr'><strong><em>κατὰ</em></strong></span> <span class='ocrx_word' id='word_1_20' title='bbox 400 735 564 813; x_wconf 86' lang='grc' dir='ltr'><strong><em>στοιχεῖον</em></strong></span> <span class='ocrx_word' id='word_1_21' title='bbox 586 737 777 802; x_wconf 70' lang='lat' dir='ltr'>nomina...</span> <span class='ocrx_word' id='word_1_22' title='bbox 801 734 859 800; x_wconf 80' lang='grc' dir='ltr'>καὶ</span> <span class='ocrx_word' id='word_1_23' title='bbox 884 728 1047 824; x_wconf 79' lang='grc' dir='ltr'><em>δεκάτη</em></span> <span class='ocrx_word' id='word_1_24' title='bbox 1069 727 1245 822; x_wconf 83' lang='grc' dir='ltr'><strong><em>Κόριννα.“</em></strong></span> <span class='ocrx_word' id='word_1_25' title='bbox 1282 737 1385 818; x_wconf 81' lang='lat' dir='ltr'>Atque</span> <span class='ocrx_word' id='word_1_26' title='bbox 1409 738 1486 798; x_wconf 86' lang='lat' dir='ltr'>hanc</span> 
     </span>
     <span class='ocr_line' id='line_1_5' title="bbox 291 843 1487 928; baseline -0.003 -22"><span class='ocrx_word' id='word_1_27' title='bbox 291 845 435 906; x_wconf 84' lang='lat' dir='ltr'>decadem</span> <span class='ocrx_word' id='word_1_28' title='bbox 476 863 544 904; x_wconf 89' lang='lat' dir='ltr'>cum</span> <span class='ocrx_word' id='word_1_29' title='bbox 581 843 632 904; x_wconf 92' lang='lat' dir='ltr'>alii</span> <span class='ocrx_word' id='word_1_30' title='bbox 665 845 752 906; x_wconf 83' lang='lat' dir='ltr'>velut</span> <span class='ocrx_word' id='word_1_31' title='bbox 783 846 908 908; x_wconf 82' lang='lat' dir='ltr'>isaacus</span> <span class='ocrx_word' id='word_1_32' title='bbox 933 843 1042 908; x_wconf 76' lang='lat' dir='ltr'>Taetna</span> <span class='ocrx_word' id='word_1_33' title='bbox 1074 846 1094 908; x_wconf 92' lang='lat' dir='ltr'>l.</span> <span class='ocrx_word' id='word_1_34' title='bbox 1104 846 1125 908; x_wconf 90' lang='lat' dir='ltr'>l.</span> <span class='ocrx_word' id='word_1_35' title='bbox 1149 868 1179 928; x_wconf 90' lang='lat' dir='ltr'>p.</span> <span class='ocrx_word' id='word_1_36' title='bbox 1209 849 1271 910; x_wconf 82' lang='lat'>252</span> <span class='ocrx_word' id='word_1_37' title='bbox 1301 849 1333 908; x_wconf 90' lang='lat' dir='ltr'>et</span> <span class='ocrx_word' id='word_1_38' title='bbox 1356 844 1487 906; x_wconf 86' lang='lat' dir='ltr'>loannes</span> 
     </span>
     <span class='ocr_line' id='line_1_6' title="bbox 293 948 1488 1032; baseline -0.002 -20"><span class='ocrx_word' id='word_1_39' title='bbox 293 951 404 1012; x_wconf 83' lang='lat' dir='ltr'>Taetaa</span> <span class='ocrx_word' id='word_1_40' title='bbox 436 970 465 1032; x_wconf 90' lang='lat' dir='ltr'>p.</span> <span class='ocrx_word' id='word_1_41' title='bbox 492 953 554 1010; x_wconf 87' lang='lat'>334</span> <span class='ocrx_word' id='word_1_42' title='bbox 579 948 675 1012; x_wconf 81' lang='lat' dir='ltr'>Onam.</span> <span class='ocrx_word' id='word_1_43' title='bbox 700 951 822 1029; x_wconf 88' lang='lat' dir='ltr'>habent,</span> <span class='ocrx_word' id='word_1_44' title='bbox 846 956 910 1014; x_wconf 89' lang='lat' dir='ltr'>tum</span> <span class='ocrx_word' id='word_1_45' title='bbox 934 953 1096 1016; x_wconf 75' lang='lat' dir='ltr'>Petronius</span> <span class='ocrx_word' id='word_1_46' title='bbox 1120 958 1175 1016; x_wconf 90' lang='lat' dir='ltr'>sat.</span> <span class='ocrx_word' id='word_1_47' title='bbox 1200 973 1225 1018; x_wconf 88' lang='lat' dir='ltr'>c.</span> <span class='ocrx_word' id='word_1_48' title='bbox 1251 957 1279 1028; x_wconf 84' lang='lat'>2,</span> <span class='ocrx_word' id='word_1_49' title='bbox 1303 951 1388 1012; x_wconf 90' lang='lat' dir='ltr'>cuius</span> <span class='ocrx_word' id='word_1_50' title='bbox 1411 970 1488 1032; x_wconf 89' lang='lat' dir='ltr'>opus</span> 
     </span>
     <span class='ocr_line' id='line_1_7' title="bbox 288 1055 1488 1143; baseline 0.002 -27"><span class='ocrx_word' id='word_1_51' title='bbox 288 1055 418 1118; x_wconf 87' lang='lat' dir='ltr'>Neronis</span> <span class='ocrx_word' id='word_1_52' title='bbox 454 1059 554 1118; x_wconf 89' lang='lat' dir='ltr'>aetate</span> <span class='ocrx_word' id='word_1_53' title='bbox 588 1056 811 1138; x_wconf 87' lang='lat' dir='ltr'>scriptumest</span> <span class='ocrx_word' id='word_1_54' title='bbox 834 1057 884 1143; x_wconf 88' lang='lat' dir='ltr'>(cf.</span> <span class='ocrx_word' id='word_1_55' title='bbox 910 1059 1039 1122; x_wconf 86' lang='lat' dir='ltr'>Teuffeli</span> <span class='ocrx_word' id='word_1_56' title='bbox 1062 1060 1131 1123; x_wconf 93' lang='lat' dir='ltr'>hist.</span> <span class='ocrx_word' id='word_1_57' title='bbox 1154 1060 1214 1124; x_wconf 88' lang='lat' dir='ltr'>litt.</span> <span class='ocrx_word' id='word_1_58' title='bbox 1239 1060 1325 1122; x_wconf 88' lang='lat' dir='ltr'>Rom.</span> <span class='ocrx_word' id='word_1_59' title='bbox 1349 1056 1375 1136; x_wconf 62' lang='grc' dir='ltr'>ξ.</span> <span class='ocrx_word' id='word_1_60' title='bbox 1401 1056 1488 1135; x_wconf 86' lang='grc'>300),</span> 
     </span>
     <span class='ocr_line' id='line_1_8' title="bbox 289 1162 1488 1248; baseline 0.002 -24"><span class='ocrx_word' id='word_1_61' title='bbox 289 1162 474 1224; x_wconf 89' lang='lat' dir='ltr'>mentionem</span> <span class='ocrx_word' id='word_1_62' title='bbox 506 1165 564 1238; x_wconf 91' lang='lat' dir='ltr'>„de</span> <span class='ocrx_word' id='word_1_63' title='bbox 597 1163 728 1226; x_wconf 82' lang='lat' dir='ltr'><strong>Pindaro</strong></span> <span class='ocrx_word' id='word_1_64' title='bbox 762 1185 933 1246; x_wconf 85' lang='lat' dir='ltr'>novemque</span> <span class='ocrx_word' id='word_1_65' title='bbox 957 1166 1081 1248; x_wconf 87' lang='lat' dir='ltr'>lyricis“</span> <span class='ocrx_word' id='word_1_66' title='bbox 1104 1167 1184 1230; x_wconf 83' lang='lat' dir='ltr'>fecit.</span> <span class='ocrx_word' id='word_1_67' title='bbox 1210 1164 1322 1229; x_wconf 79' lang='lat' dir='ltr'>Contra</span> <span class='ocrx_word' id='word_1_68' title='bbox 1345 1163 1422 1226; x_wconf 82' lang='lat' dir='ltr'>Stati</span> <span class='ocrx_word' id='word_1_69' title='bbox 1446 1183 1488 1226; x_wconf 86' lang='lat' dir='ltr'>ex</span> 
     </span>
     <span class='ocr_line' id='line_1_9' title="bbox 290 1269 794 1352; baseline 0.01 -23"><span class='ocrx_word' id='word_1_70' title='bbox 290 1269 431 1330; x_wconf 82' lang='lat' dir='ltr'>versibus</span> <span class='ocrx_word' id='word_1_71' title='bbox 455 1269 522 1331; x_wconf 89' lang='lat' dir='ltr'>silv.</span> <span class='ocrx_word' id='word_1_72' title='bbox 547 1270 585 1346; x_wconf 89' lang='lat' dir='ltr'>V,</span> <span class='ocrx_word' id='word_1_73' title='bbox 611 1277 639 1347; x_wconf 86' lang='lat'>3,</span> <span class='ocrx_word' id='word_1_74' title='bbox 664 1277 705 1333; x_wconf 86' lang='lat'>93</span> <span class='ocrx_word' id='word_1_75' title='bbox 730 1293 794 1352; x_wconf 85' lang='lat' dir='ltr'><strong>sqq.</strong></span> 
     </span>
    </p>
   </div>
   <div class='ocr_carea' id='block_1_3' title="bbox 449 1483 1361 1782">
    <p class='ocr_par' dir='ltr' id='par_1_3' title="bbox 449 1483 1361 1782">
     <span class='ocr_line' id='line_1_10' title="bbox 449 1483 1336 1570; baseline -0.003 -26"><span class='ocrx_word' id='word_1_76' title='bbox 449 1483 509 1561; x_wconf 85' lang='lat' dir='ltr'>„Et</span> <span class='ocrx_word' id='word_1_77' title='bbox 532 1484 642 1564; x_wconf 90' lang='lat' dir='ltr'>quibus</span> <span class='ocrx_word' id='word_1_78' title='bbox 666 1484 798 1546; x_wconf 86' lang='lat' dir='ltr'>Arcadia</span> <span class='ocrx_word' id='word_1_79' title='bbox 822 1504 943 1549; x_wconf 88' lang='lat' dir='ltr'>carmen</span> <span class='ocrx_word' id='word_1_80' title='bbox 964 1487 1120 1570; x_wconf 88' lang='lat' dir='ltr'>testudine</span> <span class='ocrx_word' id='word_1_81' title='bbox 1143 1485 1256 1546; x_wconf 80' lang='lat' dir='ltr'>mensis</span> <span class='ocrx_word' id='word_1_82' title='bbox 1335 1538 1336 1541; x_wconf 74' lang='grc'>,</span> 
     </span>
     <span class='ocr_line' id='line_1_11' title="bbox 450 1589 1361 1674; baseline -0.003 -22"><span class='ocrx_word' id='word_1_83' title='bbox 450 1589 531 1652; x_wconf 81' lang='lat' dir='ltr'>Oura</span> <span class='ocrx_word' id='word_1_84' title='bbox 553 1592 641 1672; x_wconf 88' lang='lat' dir='ltr'>lyrae</span> <span class='ocrx_word' id='word_1_85' title='bbox 665 1611 833 1672; x_wconf 84' lang='lat' dir='ltr'>nomenque</span> <span class='ocrx_word' id='word_1_86' title='bbox 857 1593 923 1670; x_wconf 84' lang='lat' dir='ltr'>fuit,</span> <span class='ocrx_word' id='word_1_87' title='bbox 946 1614 1082 1674; x_wconf 91' lang='lat' dir='ltr'>quosque</span> <span class='ocrx_word' id='word_1_88' title='bbox 1106 1594 1179 1671; x_wconf 86' lang='lat' dir='ltr'>orbe</span> <span class='ocrx_word' id='word_1_89' title='bbox 1201 1593 1258 1652; x_wconf 91' lang='lat' dir='ltr'>sub</span> <span class='ocrx_word' id='word_1_90' title='bbox 1282 1589 1361 1654; x_wconf 92' lang='lat' dir='ltr'>omni</span> 
     </span>
     <span class='ocr_line' id='line_1_12' title="bbox 449 1699 1167 1782; baseline 0.003 -24"><span class='ocrx_word' id='word_1_91' title='bbox 449 1699 556 1758; x_wconf 80' lang='lat' dir='ltr'><strong>Ardua</strong></span> <span class='ocrx_word' id='word_1_92' title='bbox 580 1702 706 1780; x_wconf 85' lang='lat' dir='ltr'>septena</span> <span class='ocrx_word' id='word_1_93' title='bbox 728 1702 870 1762; x_wconf 83' lang='lat' dir='ltr'>numerat</span> <span class='ocrx_word' id='word_1_94' title='bbox 893 1700 1040 1782; x_wconf 88' lang='lat' dir='ltr'>sapientia</span> <span class='ocrx_word' id='word_1_95' title='bbox 1062 1700 1167 1761; x_wconf 85' lang='lat' dir='ltr'>fama.“</span> 
     </span>
    </p>
   </div>
   <div class='ocr_carea' id='block_1_4' title="bbox 290 1909 1488 2422">
    <p class='ocr_par' dir='ltr' id='par_1_4' title="bbox 290 1909 1488 2422">
     <span class='ocr_line' id='line_1_13' title="bbox 293 1909 1487 1998; baseline -0.005 -22"><span class='ocrx_word' id='word_1_96' title='bbox 293 1913 499 1998; x_wconf 87' lang='lat' dir='ltr'>septenarium</span> <span class='ocrx_word' id='word_1_97' title='bbox 521 1911 688 1993; x_wconf 81' lang='lat' dir='ltr'>lyricorum</span> <span class='ocrx_word' id='word_1_98' title='bbox 711 1932 870 1974; x_wconf 91' lang='lat' dir='ltr'>numerum</span> <span class='ocrx_word' id='word_1_99' title='bbox 893 1913 1080 1976; x_wconf 89' lang='lat' dir='ltr'>Welckerus</span> <span class='ocrx_word' id='word_1_100' title='bbox 1102 1911 1172 1974; x_wconf 86' lang='lat' dir='ltr'>hist</span> <span class='ocrx_word' id='word_1_101' title='bbox 1197 1914 1275 1992; x_wconf 83' lang='lat' dir='ltr'>trag.</span> <span class='ocrx_word' id='word_1_102' title='bbox 1292 1929 1336 1992; x_wconf 80' lang='lat' dir='ltr'>gr.</span> <span class='ocrx_word' id='word_1_103' title='bbox 1353 1912 1414 1974; x_wconf 83' lang='lat' dir='ltr'>rol.</span> <span class='ocrx_word' id='word_1_104' title='bbox 1434 1909 1487 1970; x_wconf 89' lang='grc' dir='ltr'>ΠΙ</span> 
     </span>
     <span class='ocr_line' id='line_1_14' title="bbox 291 2017 1487 2102; baseline -0.002 -20"><span class='ocrx_word' id='word_1_105' title='bbox 291 2043 319 2102; x_wconf 90' lang='lat' dir='ltr'>p.</span> <span class='ocrx_word' id='word_1_106' title='bbox 346 2023 428 2084; x_wconf 89' lang='grc'>1251</span> <span class='ocrx_word' id='word_1_107' title='bbox 456 2018 577 2080; x_wconf 87' lang='lat' dir='ltr'>efficere</span> <span class='ocrx_word' id='word_1_108' title='bbox 608 2018 708 2080; x_wconf 84' lang='lat' dir='ltr'>voluit</span> <span class='ocrx_word' id='word_1_109' title='bbox 739 2020 936 2082; x_wconf 89' lang='lat' dir='ltr'>constitutum</span> <span class='ocrx_word' id='word_1_110' title='bbox 968 2018 1070 2080; x_wconf 88' lang='lat' dir='ltr'>fuisse.</span> <span class='ocrx_word' id='word_1_111' title='bbox 1118 2017 1207 2087; x_wconf 84' lang='lat' dir='ltr'>Quod</span> <span class='ocrx_word' id='word_1_112' title='bbox 1238 2021 1403 2098; x_wconf 89' lang='lat' dir='ltr'>utcumque</span> <span class='ocrx_word' id='word_1_113' title='bbox 1431 2021 1487 2094; x_wconf 91' lang='lat' dir='ltr'>est,</span> 
     </span>
     <span class='ocr_line' id='line_1_15' title="bbox 290 2124 1487 2209; baseline -0.003 -20"><span class='ocrx_word' id='word_1_114' title='bbox 290 2127 478 2209; x_wconf 77' lang='lat' dir='ltr'>temporibus</span> <span class='ocrx_word' id='word_1_115' title='bbox 509 2125 634 2190; x_wconf 87' lang='lat' dir='ltr'>Petroni</span> <span class='ocrx_word' id='word_1_116' title='bbox 658 2125 908 2206; x_wconf 80' lang='lat' dir='ltr'>Quintilianique,</span> <span class='ocrx_word' id='word_1_117' title='bbox 941 2125 993 2206; x_wconf 90' lang='lat' dir='ltr'>qui</span> <span class='ocrx_word' id='word_1_118' title='bbox 1023 2124 1167 2204; x_wconf 81' lang='lat' dir='ltr'>aequales</span> <span class='ocrx_word' id='word_1_119' title='bbox 1200 2129 1295 2201; x_wconf 90' lang='lat' dir='ltr'>erant,</span> <span class='ocrx_word' id='word_1_120' title='bbox 1324 2144 1487 2186; x_wconf 90' lang='lat' dir='ltr'>consensus</span> 
     </span>
     <span class='ocr_line' id='line_1_16' title="bbox 291 2227 1488 2317; baseline -0.002 -23"><span class='ocrx_word' id='word_1_121' title='bbox 291 2253 353 2296; x_wconf 90' lang='lat' dir='ltr'>non</span> <span class='ocrx_word' id='word_1_122' title='bbox 391 2236 553 2314; x_wconf 84' lang='lat' dir='ltr'>comparet.</span> <span class='ocrx_word' id='word_1_123' title='bbox 603 2232 721 2294; x_wconf 87' lang='lat' dir='ltr'>Deinde</span> <span class='ocrx_word' id='word_1_124' title='bbox 760 2252 930 2315; x_wconf 80' lang='lat' dir='ltr'>anonymus</span> <span class='ocrx_word' id='word_1_125' title='bbox 961 2227 1042 2317; x_wconf 78' lang='grc' dir='ltr'><em>περὶ</em></span> <span class='ocrx_word' id='word_1_126' title='bbox 1075 2229 1216 2315; x_wconf 81' lang='grc' dir='ltr'><em>λυρικῶν</em></span> <span class='ocrx_word' id='word_1_127' title='bbox 1246 2230 1278 2292; x_wconf 88' lang='lat' dir='ltr'>in</span> <span class='ocrx_word' id='word_1_128' title='bbox 1310 2231 1488 2296; x_wconf 87' lang='lat' dir='ltr'>Boissonedi</span> 
     </span>
     <span class='ocr_line' id='line_1_17' title="bbox 291 2338 1487 2422; baseline 0.003 -21"><span class='ocrx_word' id='word_1_129' title='bbox 291 2342 395 2402; x_wconf 88' lang='lat' dir='ltr'>anecd.</span> <span class='ocrx_word' id='word_1_130' title='bbox 427 2339 487 2402; x_wconf 82' lang='lat' dir='ltr'>vol.</span> <span class='ocrx_word' id='word_1_131' title='bbox 520 2338 568 2400; x_wconf 91' lang='lat' dir='ltr'>IV</span> <span class='ocrx_word' id='word_1_132' title='bbox 600 2361 629 2422; x_wconf 89' lang='lat' dir='ltr'>p.</span> <span class='ocrx_word' id='word_1_133' title='bbox 663 2342 725 2403; x_wconf 84' lang='lat'>458</span> <span class='ocrx_word' id='word_1_134' title='bbox 763 2341 812 2418; x_wconf 87' lang='lat' dir='ltr'>(cl&#39;.</span> <span class='ocrx_word' id='word_1_135' title='bbox 837 2339 1046 2417; x_wconf 84' lang='lat' dir='ltr'>Schmidtium,</span> <span class='ocrx_word' id='word_1_136' title='bbox 1080 2339 1203 2420; x_wconf 89' lang='lat' dir='ltr'>Didym.</span> <span class='ocrx_word' id='word_1_137' title='bbox 1227 2338 1333 2418; x_wconf 81' lang='lat' dir='ltr'>fragm.</span> <span class='ocrx_word' id='word_1_138' title='bbox 1357 2359 1385 2420; x_wconf 87' lang='lat' dir='ltr'>p.</span> <span class='ocrx_word' id='word_1_139' title='bbox 1411 2339 1487 2419; x_wconf 82' lang='lat'>396)</span> 
     </span>
    </p>
   </div>
   <div class='ocr_carea' id='block_1_5' title="bbox 291 2584 1490 4254">
    <p class='ocr_par' dir='ltr' id='par_1_5' title="bbox 291 2584 1487 3372">
     <span class='ocr_line' id='line_1_18' title="bbox 292 2584 1480 2654; baseline -0.003 -14"><span class='ocrx_word' id='word_1_140' title='bbox 292 2587 386 2640; x_wconf 90' lang='lat' dir='ltr'>Proclo</span> <span class='ocrx_word' id='word_1_141' title='bbox 397 2587 425 2640; x_wconf 95' lang='lat' dir='ltr'>in</span> <span class='ocrx_word' id='word_1_142' title='bbox 436 2587 587 2640; x_wconf 87' lang='lat' dir='ltr'>nominibus</span> <span class='ocrx_word' id='word_1_143' title='bbox 599 2584 739 2639; x_wconf 88' lang='lat' dir='ltr'>enotandis</span> <span class='ocrx_word' id='word_1_144' title='bbox 747 2586 924 2652; x_wconf 85' lang='lat' dir='ltr'>consentiunt,</span> <span class='ocrx_word' id='word_1_145' title='bbox 932 2585 1075 2654; x_wconf 78' lang='lat' dir='ltr'>pendeant,</span> <span class='ocrx_word' id='word_1_146' title='bbox 1083 2601 1169 2654; x_wconf 87' lang='lat' dir='ltr'>neque</span> <span class='ocrx_word' id='word_1_147' title='bbox 1177 2587 1307 2654; x_wconf 88' lang='lat' dir='ltr'>quantum</span> <span class='ocrx_word' id='word_1_148' title='bbox 1314 2587 1348 2640; x_wconf 84' lang='lat' dir='ltr'>ab</span> <span class='ocrx_word' id='word_1_149' title='bbox 1355 2586 1480 2640; x_wconf 89' lang='lat' dir='ltr'>alterutro</span> 
     </span>
     <span class='ocr_line' id='line_1_19' title="bbox 292 2671 1478 2746; baseline -0.007 -15"><span class='ocrx_word' id='word_1_150' title='bbox 292 2682 384 2745; x_wconf 84' lang='lat' dir='ltr'>auctor</span> <span class='ocrx_word' id='word_1_151' title='bbox 394 2677 552 2744; x_wconf 87' lang='lat' dir='ltr'>scriptorum</span> <span class='ocrx_word' id='word_1_152' title='bbox 562 2675 696 2744; x_wconf 86' lang='lat' dir='ltr'>petiverit,</span> <span class='ocrx_word' id='word_1_153' title='bbox 716 2692 840 2746; x_wconf 87' lang='lat' dir='ltr'>unquam</span> <span class='ocrx_word' id='word_1_154' title='bbox 853 2675 999 2744; x_wconf 82' lang='lat' dir='ltr'>apparebit.</span> <span class='ocrx_word' id='word_1_155' title='bbox 1028 2674 1135 2728; x_wconf 87' lang='lat' dir='ltr'>Etenim</span> <span class='ocrx_word' id='word_1_156' title='bbox 1154 2673 1224 2742; x_wconf 91' lang='lat' dir='ltr'>quod</span> <span class='ocrx_word' id='word_1_157' title='bbox 1242 2693 1327 2745; x_wconf 86' lang='lat' dir='ltr'>neque</span> <span class='ocrx_word' id='word_1_158' title='bbox 1347 2677 1377 2730; x_wconf 91' lang='lat' dir='ltr'>de</span> <span class='ocrx_word' id='word_1_159' title='bbox 1395 2671 1478 2726; x_wconf 90' lang='lat' dir='ltr'>Procli</span> 
     </span>
     <span class='ocr_line' id='line_1_20' title="bbox 291 2763 1475 2836; baseline -0.008 -16"><span class='ocrx_word' id='word_1_160' title='bbox 291 2783 378 2836; x_wconf 91' lang='lat' dir='ltr'>neque</span> <span class='ocrx_word' id='word_1_161' title='bbox 385 2765 418 2820; x_wconf 91' lang='lat' dir='ltr'>de</span> <span class='ocrx_word' id='word_1_162' title='bbox 424 2765 532 2834; x_wconf 89' lang='lat' dir='ltr'>Didymi</span> <span class='ocrx_word' id='word_1_163' title='bbox 540 2781 648 2833; x_wconf 85' lang='lat' dir='ltr'>operum</span> <span class='ocrx_word' id='word_1_164' title='bbox 655 2767 752 2818; x_wconf 82' lang='lat' dir='ltr'>natura</span> <span class='ocrx_word' id='word_1_165' title='bbox 759 2763 886 2818; x_wconf 84' lang='lat' dir='ltr'>certiores</span> <span class='ocrx_word' id='word_1_166' title='bbox 893 2763 959 2816; x_wconf 86' lang='lat' dir='ltr'>facti</span> <span class='ocrx_word' id='word_1_167' title='bbox 968 2780 1066 2830; x_wconf 90' lang='lat' dir='ltr'>sumus,</span> <span class='ocrx_word' id='word_1_168' title='bbox 1078 2779 1183 2832; x_wconf 90' lang='lat' dir='ltr'>prorsus</span> <span class='ocrx_word' id='word_1_169' title='bbox 1194 2764 1222 2816; x_wconf 92' lang='lat' dir='ltr'>in</span> <span class='ocrx_word' id='word_1_170' title='bbox 1232 2764 1330 2819; x_wconf 91' lang='lat' dir='ltr'>lubrico</span> <span class='ocrx_word' id='word_1_171' title='bbox 1340 2775 1475 2816; x_wconf 83' lang='lat' dir='ltr'>versamur.</span> 
     </span>
     <span class='ocr_line' id='line_1_21' title="bbox 293 2847 1476 2924; baseline -0.008 -14"><span class='ocrx_word' id='word_1_172' title='bbox 293 2855 420 2910; x_wconf 83' lang='lat' dir='ltr'>Ceterum</span> <span class='ocrx_word' id='word_1_173' title='bbox 439 2853 600 2908; x_wconf 81' lang='lat' dir='ltr'>Schmidtius</span> <span class='ocrx_word' id='word_1_174' title='bbox 619 2854 729 2922; x_wconf 90' lang='lat' dir='ltr'>probare</span> <span class='ocrx_word' id='word_1_175' title='bbox 749 2852 854 2908; x_wconf 84' lang='lat' dir='ltr'>studuit</span> <span class='ocrx_word' id='word_1_176' title='bbox 871 2851 968 2906; x_wconf 89' lang='lat' dir='ltr'>idcirco</span> <span class='ocrx_word' id='word_1_177' title='bbox 987 2851 1069 2906; x_wconf 84' lang='lat' dir='ltr'>fuisse</span> <span class='ocrx_word' id='word_1_178' title='bbox 1088 2869 1157 2918; x_wconf 90' lang='lat' dir='ltr'>eum,</span> <span class='ocrx_word' id='word_1_179' title='bbox 1186 2853 1232 2922; x_wconf 91' lang='lat' dir='ltr'>qui</span> <span class='ocrx_word' id='word_1_180' title='bbox 1250 2847 1476 2924; x_wconf 85' lang='lat' dir='ltr'>chrestomathiam</span> 
     </span>
     <span class='ocr_line' id='line_1_22' title="bbox 293 2935 1480 3014; baseline -0.008 -16"><span class='ocrx_word' id='word_1_181' title='bbox 293 2944 450 3014; x_wconf 85' lang='lat' dir='ltr'>scripsisset,</span> <span class='ocrx_word' id='word_1_182' title='bbox 481 2945 604 2998; x_wconf 90' lang='lat' dir='ltr'>Proclum</span> <span class='ocrx_word' id='word_1_183' title='bbox 630 2942 741 3011; x_wconf 86' lang='lat' dir='ltr'>Lycium</span> <span class='ocrx_word' id='word_1_184' title='bbox 772 2943 828 2996; x_wconf 85' lang='lat' dir='ltr'>sive</span> <span class='ocrx_word' id='word_1_185' title='bbox 852 2941 1027 3008; x_wconf 88' lang='lat' dir='ltr'>Diadochnm,</span> <span class='ocrx_word' id='word_1_186' title='bbox 1054 2943 1116 3012; x_wconf 87' lang='lat' dir='ltr'>quia</span> <span class='ocrx_word' id='word_1_187' title='bbox 1140 2941 1222 2997; x_wconf 89' lang='lat' dir='ltr'>Orion</span> <span class='ocrx_word' id='word_1_188' title='bbox 1245 2940 1368 3010; x_wconf 84' lang='lat' dir='ltr'>magister</span> <span class='ocrx_word' id='word_1_189' title='bbox 1392 2935 1480 2991; x_wconf 90' lang='lat' dir='ltr'>Procli</span> 
     </span>
     <span class='ocr_line' id='line_1_23' title="bbox 293 3028 1481 3104; baseline -0.008 -15"><span class='ocrx_word' id='word_1_190' title='bbox 293 3033 369 3104; x_wconf 86' lang='lat' dir='ltr'>Lycii</span> <span class='ocrx_word' id='word_1_191' title='bbox 389 3033 508 3088; x_wconf 86' lang='lat' dir='ltr'>effecisse</span> <span class='ocrx_word' id='word_1_192' title='bbox 528 3032 669 3097; x_wconf 86' lang='lat' dir='ltr'>videretur,</span> <span class='ocrx_word' id='word_1_193' title='bbox 689 3036 721 3084; x_wconf 91' lang='lat' dir='ltr'>ut</span> <span class='ocrx_word' id='word_1_194' title='bbox 739 3031 848 3084; x_wconf 91' lang='lat' dir='ltr'>Proclus</span> <span class='ocrx_word' id='word_1_195' title='bbox 867 3031 1013 3100; x_wconf 88' lang='lat' dir='ltr'>Didymum</span> <span class='ocrx_word' id='word_1_196' title='bbox 1032 3036 1194 3100; x_wconf 87' lang='lat' dir='ltr'>sequeretur.</span> <span class='ocrx_word' id='word_1_197' title='bbox 1231 3029 1282 3087; x_wconf 87' lang='lat' dir='ltr'>Sed</span> <span class='ocrx_word' id='word_1_198' title='bbox 1300 3046 1361 3084; x_wconf 89' lang='lat' dir='ltr'>cum</span> <span class='ocrx_word' id='word_1_199' title='bbox 1378 3028 1481 3082; x_wconf 88' lang='lat' dir='ltr'>dubite-</span> 
     </span>
     <span class='ocr_line' id='line_1_24' title="bbox 292 3114 1486 3190; baseline -0.009 -12"><span class='ocrx_word' id='word_1_200' title='bbox 292 3128 345 3190; x_wconf 88' lang='lat' dir='ltr'>tur,</span> <span class='ocrx_word' id='word_1_201' title='bbox 371 3140 405 3177; x_wconf 75' lang='grc' dir='ltr'>ιιι</span> <span class='ocrx_word' id='word_1_202' title='bbox 432 3122 541 3176; x_wconf 86' lang='lat' dir='ltr'>Proolns</span> <span class='ocrx_word' id='word_1_203' title='bbox 565 3122 612 3174; x_wconf 91' lang='lat' dir='ltr'>ille</span> <span class='ocrx_word' id='word_1_204' title='bbox 631 3121 728 3190; x_wconf 86' lang='lat' dir='ltr'>Lycius</span> <span class='ocrx_word' id='word_1_205' title='bbox 748 3121 855 3174; x_wconf 90' lang='lat' dir='ltr'>omnino</span> <span class='ocrx_word' id='word_1_206' title='bbox 874 3137 890 3174; x_wconf 90' lang='lat' dir='ltr'>a</span> <span class='ocrx_word' id='word_1_207' title='bbox 908 3121 987 3174; x_wconf 90' lang='lat' dir='ltr'>rebus</span> <span class='ocrx_word' id='word_1_208' title='bbox 1005 3121 1190 3188; x_wconf 87' lang='lat' dir='ltr'>grammaticis</span> <span class='ocrx_word' id='word_1_209' title='bbox 1209 3119 1376 3186; x_wconf 86' lang='lat' dir='ltr'>abstinuerit,</span> <span class='ocrx_word' id='word_1_210' title='bbox 1395 3114 1486 3186; x_wconf 88' lang='lat' dir='ltr'>quidni</span> 
     </span>
     <span class='ocr_line' id='line_1_25' title="bbox 293 3203 1487 3282; baseline -0.008 -16"><span class='ocrx_word' id='word_1_211' title='bbox 293 3218 321 3266; x_wconf 87' lang='lat' dir='ltr'>et</span> <span class='ocrx_word' id='word_1_212' title='bbox 348 3213 501 3282; x_wconf 90' lang='lat' dir='ltr'>scriptorem</span> <span class='ocrx_word' id='word_1_213' title='bbox 527 3210 752 3264; x_wconf 85' lang='lat' dir='ltr'>chrestomathiae</span> <span class='ocrx_word' id='word_1_214' title='bbox 777 3213 804 3263; x_wconf 92' lang='lat' dir='ltr'>et</span> <span class='ocrx_word' id='word_1_215' title='bbox 832 3207 957 3262; x_wconf 88' lang='lat' dir='ltr'>Orionem</span> <span class='ocrx_word' id='word_1_216' title='bbox 981 3225 1012 3262; x_wconf 88' lang='lat' dir='ltr'>ex</span> <span class='ocrx_word' id='word_1_217' title='bbox 1031 3226 1078 3264; x_wconf 80' lang='lat' dir='ltr'>sno</span> <span class='ocrx_word' id='word_1_218' title='bbox 1097 3215 1239 3279; x_wconf 85' lang='lat' dir='ltr'>utrumque</span> <span class='ocrx_word' id='word_1_219' title='bbox 1259 3209 1369 3264; x_wconf 86' lang='lat' dir='ltr'>arbitrio</span> <span class='ocrx_word' id='word_1_220' title='bbox 1389 3205 1423 3261; x_wconf 88' lang='lat' dir='ltr'>ad</span> <span class='ocrx_word' id='word_1_221' title='bbox 1440 3203 1487 3258; x_wconf 89' lang='lat' dir='ltr'>Di-</span> 
     </span>
     <span class='ocr_line' id='line_1_26' title="bbox 295 3297 736 3372; baseline -0.011 -16"><span class='ocrx_word' id='word_1_222' title='bbox 295 3301 403 3372; x_wconf 87' lang='lat' dir='ltr'>dymum</span> <span class='ocrx_word' id='word_1_223' title='bbox 422 3299 573 3370; x_wconf 87' lang='lat' dir='ltr'>confugisse</span> <span class='ocrx_word' id='word_1_224' title='bbox 592 3297 736 3370; x_wconf 82' lang='lat' dir='ltr'>putemus?</span> 
     </span>
    </p>

    <p class='ocr_par' dir='ltr' id='par_1_6' title="bbox 295 3371 1490 4254">
     <span class='ocr_line' id='line_1_27' title="bbox 365 3371 1489 3460; baseline -0.006 -16"><span class='ocrx_word' id='word_1_225' title='bbox 365 3371 399 3460; x_wconf 62' lang='lat'>⁹¹)</span> <span class='ocrx_word' id='word_1_226' title='bbox 418 3387 692 3458; x_wconf 82' lang='lat' dir='ltr'>Itemallielampode</span> <span class='ocrx_word' id='word_1_227' title='bbox 707 3387 787 3456; x_wconf 91' lang='lat' dir='ltr'>paulo</span> <span class='ocrx_word' id='word_1_228' title='bbox 806 3391 886 3440; x_wconf 87' lang='lat' dir='ltr'>antea</span> <span class='ocrx_word' id='word_1_229' title='bbox 904 3404 930 3458; x_wconf 89' lang='lat' dir='ltr'>p.</span> <span class='ocrx_word' id='word_1_230' title='bbox 950 3387 1001 3441; x_wconf 83' lang='grc'>749</span> <span class='ocrx_word' id='word_1_231' title='bbox 1021 3393 1171 3460; x_wconf 76' lang='grc' dir='ltr'><strong><em>,,Κρατῑ’νος</em></strong></span> <span class='ocrx_word' id='word_1_232' title='bbox 1189 3386 1205 3438; x_wconf 84' lang='lat' dir='ltr'>e‘</span> <span class='ocrx_word' id='word_1_233' title='bbox 1222 3389 1267 3438; x_wconf 83' lang='grc' dir='ltr'>καὶ</span> <span class='ocrx_word' id='word_1_234' title='bbox 1285 3383 1489 3456; x_wconf 78' lang='grc' dir='ltr'><strong><em>πραττόμενος“</em></strong></span> 
     </span>
     <span class='ocr_line' id='line_1_28' title="bbox 295 3465 1489 3550; baseline -0.012 -16"><span class='ocrx_word' id='word_1_235' title='bbox 295 3483 323 3534; x_wconf 75' lang='lat' dir='ltr'>et</span> <span class='ocrx_word' id='word_1_236' title='bbox 347 3479 380 3532; x_wconf 85' lang='lat' dir='ltr'>ab</span> <span class='ocrx_word' id='word_1_237' title='bbox 405 3479 497 3532; x_wconf 81' lang='lat' dir='ltr'>isaaco</span> <span class='ocrx_word' id='word_1_238' title='bbox 519 3477 620 3550; x_wconf 72' lang='lat' dir='ltr'>¹Tzctza</span> <span class='ocrx_word' id='word_1_239' title='bbox 645 3479 663 3532; x_wconf 92' lang='lat' dir='ltr'>l.</span> <span class='ocrx_word' id='word_1_240' title='bbox 679 3479 697 3533; x_wconf 92' lang='lat' dir='ltr'>l.</span> <span class='ocrx_word' id='word_1_241' title='bbox 715 3495 741 3546; x_wconf 87' lang='lat' dir='ltr'>p.</span> <span class='ocrx_word' id='word_1_242' title='bbox 760 3477 812 3529; x_wconf 84' lang='grc'>256</span> <span class='ocrx_word' id='word_1_243' title='bbox 832 3475 976 3548; x_wconf 72' lang='grc' dir='ltr'><em>,,κωμῳδοὶ</em></span> <span class='ocrx_word' id='word_1_244' title='bbox 994 3477 1179 3548; x_wconf 82' lang='grc' dir='ltr'><strong><em>πραττόμενοι</em></strong></span> <span class='ocrx_word' id='word_1_245' title='bbox 1209 3481 1348 3546; x_wconf 79' lang='grc' dir='ltr'><strong><em>Κρατῖνος,</em></strong></span> <span class='ocrx_word' id='word_1_246' title='bbox 1376 3465 1489 3520; x_wconf 73' lang='grc' dir='ltr'><strong><em>Πλάτων</em></strong></span> 
     </span>
     <span class='ocr_line' id='line_1_29' title="bbox 295 3553 1490 3638; baseline -0.009 -15"><span class='ocrx_word' id='word_1_247' title='bbox 295 3587 317 3624; x_wconf 87' lang='lat' dir='ltr'>e.</span> <span class='ocrx_word' id='word_1_248' title='bbox 337 3585 361 3638; x_wconf 86' lang='lat' dir='ltr'>q.</span> <span class='ocrx_word' id='word_1_249' title='bbox 382 3575 420 3622; x_wconf 89' lang='lat' dir='ltr'>s.“</span> <span class='ocrx_word' id='word_1_250' title='bbox 445 3572 474 3621; x_wconf 87' lang='lat' dir='ltr'>ct</span> <span class='ocrx_word' id='word_1_251' title='bbox 497 3567 526 3620; x_wconf 90' lang='lat' dir='ltr'>in</span> <span class='ocrx_word' id='word_1_252' title='bbox 545 3567 653 3620; x_wconf 90' lang='lat' dir='ltr'>scholiis</span> <span class='ocrx_word' id='word_1_253' title='bbox 672 3565 782 3620; x_wconf 88' lang='lat' dir='ltr'>Maximi</span> <span class='ocrx_word' id='word_1_254' title='bbox 800 3566 942 3619; x_wconf 88' lang='lat' dir='ltr'>Planudae·</span> <span class='ocrx_word' id='word_1_255' title='bbox 957 3569 1020 3620; x_wconf 92' lang='lat' dir='ltr'>tom.</span> <span class='ocrx_word' id='word_1_256' title='bbox 1039 3565 1094 3619; x_wconf 81' lang='lat' dir='ltr'>VII</span> <span class='ocrx_word' id='word_1_257' title='bbox 1112 3582 1137 3634; x_wconf 88' lang='lat' dir='ltr'>p.</span> <span class='ocrx_word' id='word_1_258' title='bbox 1157 3565 1191 3617; x_wconf 86' lang='grc'>26</span> <span class='ocrx_word' id='word_1_259' title='bbox 1209 3561 1294 3615; x_wconf 85' lang='lat' dir='ltr'>Waln.</span> <span class='ocrx_word' id='word_1_260' title='bbox 1314 3560 1359 3620; x_wconf 76' lang='lat' dir='ltr'>„ot</span> <span class='ocrx_word' id='word_1_261' title='bbox 1377 3553 1490 3625; x_wconf 66' lang='grc' dir='ltr'><strong><em>ῥήτορες</em></strong></span> 
     </span>
     <span class='ocr_line' id='line_1_30' title="bbox 295 3639 1489 3728; baseline -0.005 -19"><span class='ocrx_word' id='word_1_262' title='bbox 295 3661 322 3709; x_wconf 79' lang='grc' dir='ltr'>οἱ</span> <span class='ocrx_word' id='word_1_263' title='bbox 340 3654 587 3728; x_wconf 55' lang='grc' dir='ltr'><strong><em>διαπραττόμενοι(</em></strong></span> <span class='ocrx_word' id='word_1_264' title='bbox 608 3655 733 3709; x_wconf 89' lang='lat' dir='ltr'>dicuntur</span> <span class='ocrx_word' id='word_1_265' title='bbox 751 3651 795 3724; x_wconf 82' lang='lat' dir='ltr'>(cf.</span> <span class='ocrx_word' id='word_1_266' title='bbox 810 3653 922 3708; x_wconf 83' lang='lat' dir='ltr'>Aristid.</span> <span class='ocrx_word' id='word_1_267' title='bbox 941 3653 981 3708; x_wconf 91' lang='lat' dir='ltr'>ed.</span> <span class='ocrx_word' id='word_1_268' title='bbox 1001 3653 1081 3707; x_wconf 88' lang='lat' dir='ltr'>Dind.</span> <span class='ocrx_word' id='word_1_269' title='bbox 1101 3653 1152 3706; x_wconf 92' lang='lat' dir='ltr'>vol.</span> <span class='ocrx_word' id='word_1_270' title='bbox 1172 3651 1215 3703; x_wconf 91' lang='lat' dir='ltr'>III</span> <span class='ocrx_word' id='word_1_271' title='bbox 1233 3664 1257 3716; x_wconf 92' lang='lat' dir='ltr'>p.</span> <span class='ocrx_word' id='word_1_272' title='bbox 1279 3645 1330 3698; x_wconf 84' lang='grc'>737</span> <span class='ocrx_word' id='word_1_273' title='bbox 1350 3639 1385 3708; x_wconf 70' lang='lat' dir='ltr'>„d</span> <span class='ocrx_word' id='word_1_274' title='bbox 1403 3659 1489 3712; x_wconf 70' lang='grc' dir='ltr'><strong><em>πρατ-</em></strong></span> 
     </span>
     <span class='ocr_line' id='line_1_31' title="bbox 295 3730 1488 3818; baseline -0.011 -19"><span class='ocrx_word' id='word_1_275' title='bbox 295 3737 396 3818; x_wconf 72' lang='grc' dir='ltr'><strong><em>τομένη</em></strong></span> <span class='ocrx_word' id='word_1_276' title='bbox 420 3749 477 3796; x_wconf 73' lang='grc' dir='ltr'>τῶν</span> <span class='ocrx_word' id='word_1_277' title='bbox 496 3743 621 3816; x_wconf 81' lang='grc' dir='ltr'><strong><em>ῥητόρων</em></strong></span> <span class='ocrx_word' id='word_1_278' title='bbox 640 3741 737 3812; x_wconf 74' lang='grc' dir='ltr'>δεκάς),</span> <span class='ocrx_word' id='word_1_279' title='bbox 773 3743 823 3795; x_wconf 82' lang='lat' dir='ltr'>Est</span> <span class='ocrx_word' id='word_1_280' title='bbox 842 3743 912 3796; x_wconf 89' lang='lat' dir='ltr'>euim</span> <span class='ocrx_word' id='word_1_281' title='bbox 932 3740 965 3807; x_wconf 80' lang='lat' dir='ltr'>„o‘</span> <span class='ocrx_word' id='word_1_282' title='bbox 983 3738 1187 3812; x_wconf 55' lang='grc' dir='ltr'><strong><em>πραττόμενον(</em></strong></span> <span class='ocrx_word' id='word_1_283' title='bbox 1206 3737 1237 3800; x_wconf 88' lang='lat' dir='ltr'>is,</span> <span class='ocrx_word' id='word_1_284' title='bbox 1257 3730 1334 3786; x_wconf 87' lang='lat' dir='ltr'>cuius</span> <span class='ocrx_word' id='word_1_285' title='bbox 1352 3747 1432 3798; x_wconf 88' lang='lat' dir='ltr'>opera</span> <span class='ocrx_word' id='word_1_286' title='bbox 1449 3732 1488 3786; x_wconf 87' lang='lat' dir='ltr'>lc-</span> 
     </span>
     <span class='ocr_line' id='line_1_32' title="bbox 296 3818 1489 3904; baseline -0.014 -15"><span class='ocrx_word' id='word_1_287' title='bbox 296 3840 398 3904; x_wconf 85' lang='lat' dir='ltr'>guutur</span> <span class='ocrx_word' id='word_1_288' title='bbox 423 3838 451 3888; x_wconf 85' lang='lat' dir='ltr'>et</span> <span class='ocrx_word' id='word_1_289' title='bbox 476 3836 649 3904; x_wconf 80' lang='lat' dir='ltr'>explicantur.</span> <span class='ocrx_word' id='word_1_290' title='bbox 686 3832 730 3886; x_wconf 84' lang='lat' dir='ltr'>Sic</span> <span class='ocrx_word' id='word_1_291' title='bbox 755 3829 851 3884; x_wconf 86' lang='lat' dir='ltr'>Suidas</span> <span class='ocrx_word' id='word_1_292' title='bbox 877 3849 898 3884; x_wconf 91' lang='lat' dir='ltr'>s.</span> <span class='ocrx_word' id='word_1_293' title='bbox 917 3847 942 3884; x_wconf 84' lang='lat' dir='ltr'>v.</span> <span class='ocrx_word' id='word_1_294' title='bbox 967 3823 1158 3895; x_wconf 79' lang='grc' dir='ltr'><strong><em>Ἀριστοφάνης</em></strong></span> <span class='ocrx_word' id='word_1_295' title='bbox 1181 3819 1329 3892; x_wconf 70' lang='lat' dir='ltr'>„dpoipsaw</span> <span class='ocrx_word' id='word_1_296' title='bbox 1349 3818 1378 3869; x_wconf 76' lang='lat' dir='ltr'>di</span> <span class='ocrx_word' id='word_1_297' title='bbox 1397 3818 1489 3900; x_wconf 73' lang='grc' dir='ltr'><strong><em>αὐτοῦ,</em></strong></span> 
     </span>
     <span class='ocr_line' id='line_1_33' title="bbox 295 3909 1488 3995; baseline -0.012 -16"><span class='ocrx_word' id='word_1_298' title='bbox 295 3926 390 3995; x_wconf 90' lang='lat' dir='ltr'>inquit,</span> <span class='ocrx_word' id='word_1_299' title='bbox 410 3921 465 3994; x_wconf 64' lang='lat' dir='ltr'>pa,</span> <span class='ocrx_word' id='word_1_300' title='bbox 485 3923 554 3994; x_wconf 74' lang='grc' dir='ltr'><em>ὅπερ</em></span> <span class='ocrx_word' id='word_1_301' title='bbox 574 3923 604 3975; x_wconf 81' lang='grc' dir='ltr'>δὲ</span> <span class='ocrx_word' id='word_1_302' title='bbox 622 3918 738 3991; x_wconf 75' lang='grc' dir='ltr'><em>πεπρά</em></span> <span class='ocrx_word' id='word_1_303' title='bbox 746 3913 1093 3989; x_wconf 75' lang='grc' dir='ltr'><strong><em>χαμενἈριστοφιῖνονς</em></strong></span> <span class='ocrx_word' id='word_1_304' title='bbox 1111 3909 1246 3982; x_wconf 66' lang='grc' dir='ltr'>δράματα,</span> <span class='ocrx_word' id='word_1_305' title='bbox 1265 3911 1367 3960; x_wconf 50' lang='grc' dir='ltr'><em>ῖαῦῖίῦ(</em></span> <span class='ocrx_word' id='word_1_306' title='bbox 1387 3925 1409 3962; x_wconf 87' lang='lat' dir='ltr'>e.</span> <span class='ocrx_word' id='word_1_307' title='bbox 1429 3925 1453 3977; x_wconf 87' lang='lat' dir='ltr'>q.</span> <span class='ocrx_word' id='word_1_308' title='bbox 1466 3927 1488 3966; x_wconf 87' lang='lat' dir='ltr'>s.</span> 
     </span>
     <span class='ocr_line' id='line_1_34' title="bbox 295 3997 1489 4088; baseline -0.018 -20"><span class='ocrx_word' id='word_1_309' title='bbox 295 4019 377 4086; x_wconf 83' lang='lat' dir='ltr'>atque</span> <span class='ocrx_word' id='word_1_310' title='bbox 392 4016 421 4068; x_wconf 93' lang='lat' dir='ltr'>in</span> <span class='ocrx_word' id='word_1_311' title='bbox 437 4013 544 4067; x_wconf 89' lang='lat' dir='ltr'>scholiis</span> <span class='ocrx_word' id='word_1_312' title='bbox 557 4011 671 4066; x_wconf 88' lang='lat' dir='ltr'>Nicand.</span> <span class='ocrx_word' id='word_1_313' title='bbox 689 4011 728 4063; x_wconf 89' lang='lat' dir='ltr'>th.</span> <span class='ocrx_word' id='word_1_314' title='bbox 740 4009 770 4061; x_wconf 88' lang='lat'>11</span> <span class='ocrx_word' id='word_1_315' title='bbox 784 4025 810 4088; x_wconf 89' lang='lat' dir='ltr'>p.</span> <span class='ocrx_word' id='word_1_316' title='bbox 821 4007 872 4060; x_wconf 90' lang='grc'>174</span> <span class='ocrx_word' id='word_1_317' title='bbox 891 4005 1012 4058; x_wconf 90' lang='lat' dir='ltr'>Bussem.</span> <span class='ocrx_word' id='word_1_318' title='bbox 1033 3999 1065 4066; x_wconf 74' lang='lat' dir='ltr'>„e&#39;</span> <span class='ocrx_word' id='word_1_319' title='bbox 1072 4021 1087 4052; x_wconf 85' lang='grc' dir='ltr'><strong><em>ν</em></strong></span> <span class='ocrx_word' id='word_1_320' title='bbox 1106 4007 1182 4060; x_wconf 76' lang='grc' dir='ltr'><strong><em>τοῖς</em></strong></span> <span class='ocrx_word' id='word_1_321' title='bbox 1199 3997 1489 4072; x_wconf 82' lang='grc' dir='ltr'><strong><em>πραττομένοις“</em></strong></span> 
     </span>
     <span class='ocr_line' id='line_1_35' title="bbox 296 4086 1488 4167; baseline -0.012 -11"><span class='ocrx_word' id='word_1_322' title='bbox 296 4103 369 4156; x_wconf 87' lang='lat' dir='ltr'>valet</span> <span class='ocrx_word' id='word_1_323' title='bbox 403 4103 448 4167; x_wconf 90' lang='lat' dir='ltr'>„in</span> <span class='ocrx_word' id='word_1_324' title='bbox 482 4101 532 4154; x_wconf 92' lang='lat' dir='ltr'>den</span> <span class='ocrx_word' id='word_1_325' title='bbox 567 4101 721 4166; x_wconf 86' lang='lat' dir='ltr'>gelesenen,</span> <span class='ocrx_word' id='word_1_326' title='bbox 755 4095 942 4148; x_wconf 88' lang='lat' dir='ltr'>vorhandenen</span> <span class='ocrx_word' id='word_1_327' title='bbox 971 4089 1136 4144; x_wconf 86' lang='lat' dir='ltr'>Gedichten“</span> <span class='ocrx_word' id='word_1_328' title='bbox 1170 4091 1213 4159; x_wconf 86' lang='lat' dir='ltr'>(cf.</span> <span class='ocrx_word' id='word_1_329' title='bbox 1240 4087 1353 4144; x_wconf 86' lang='lat' dir='ltr'>Pindari</span> <span class='ocrx_word' id='word_1_330' title='bbox 1380 4086 1488 4142; x_wconf 85' lang='lat' dir='ltr'>edition.</span> 
     </span>
     <span class='ocr_line' id='line_1_36' title="bbox 296 4175 1487 4254; baseline -0.011 -11"><span class='ocrx_word' id='word_1_331' title='bbox 296 4189 486 4245; x_wconf 81' lang='lat' dir='ltr'>Schneidewin.</span> <span class='ocrx_word' id='word_1_332' title='bbox 507 4187 557 4242; x_wconf 86' lang='lat' dir='ltr'>vol.</span> <span class='ocrx_word' id='word_1_333' title='bbox 577 4187 591 4240; x_wconf 93' lang='lat' dir='ltr'>I</span> <span class='ocrx_word' id='word_1_334' title='bbox 618 4203 643 4254; x_wconf 93' lang='lat' dir='ltr'>p.</span> <span class='ocrx_word' id='word_1_335' title='bbox 663 4185 700 4236; x_wconf 83' lang='lat' dir='ltr'>cl</span> <span class='ocrx_word' id='word_1_336' title='bbox 719 4185 773 4235; x_wconf 90' lang='lat' dir='ltr'>not.</span> <span class='ocrx_word' id='word_1_337' title='bbox 794 4181 835 4244; x_wconf 80' lang='lat'>18,</span> <span class='ocrx_word' id='word_1_338' title='bbox 855 4198 933 4248; x_wconf 87' lang='lat' dir='ltr'>quem</span> <span class='ocrx_word' id='word_1_339' title='bbox 952 4184 1041 4232; x_wconf 82' lang='lat' dir='ltr'>tamen</span> <span class='ocrx_word' id='word_1_340' title='bbox 1061 4179 1158 4234; x_wconf 90' lang='lat' dir='ltr'>librum</span> <span class='ocrx_word' id='word_1_341' title='bbox 1178 4175 1336 4250; x_wconf 87' lang='lat' dir='ltr'>inspiciendi</span> <span class='ocrx_word' id='word_1_342' title='bbox 1355 4176 1421 4230; x_wconf 86' lang='lat' dir='ltr'>mihi</span> <span class='ocrx_word' id='word_1_343' title='bbox 1436 4191 1487 4230; x_wconf 87' lang='lat' dir='ltr'>non</span> 
     </span>
    </p>
   </div>
   <div class='ocr_carea' id='block_1_6' title="bbox 297 4278 493 4348">
    <p class='ocr_par' dir='ltr' id='par_1_7' title="bbox 297 4278 493 4348">
     <span class='ocr_line' id='line_1_37' title="bbox 297 4278 493 4348; baseline 0.01 -17"><span class='ocrx_word' id='word_1_344' title='bbox 297 4282 355 4331; x_wconf 89' lang='lat' dir='ltr'>erat</span> <span class='ocrx_word' id='word_1_345' title='bbox 373 4278 493 4348; x_wconf 89' lang='lat' dir='ltr'>occasio).</span> 
     </span>
    </p>
   </div>
   <div class='ocr_carea' id='block_1_7' title="bbox 1593 3919 1595 3926">
    <p class='ocr_par' dir='ltr' id='par_1_8' title="bbox 1593 3789 1679 4088">
     <span class='ocr_line' id='line_1_38' title="bbox 1593 3919 1595 3926; baseline 0 162"><span class='ocrx_word' id='word_1_346' title='bbox 1593 3919 1595 3926; x_wconf 94' lang='grc'><strong><em>·</em></strong></span> 
     </span>
    </p>
   </div>
   <div class='ocr_carea' id='block_1_8' title="bbox 1677 4101 1679 4178">
    <p class='ocr_par' dir='ltr' id='par_1_9' title="bbox 1677 4101 1679 4178">
     <span class='ocr_line' id='line_1_39' title="bbox 1677 4101 1679 4178; baseline 0 0"><span class='ocrx_word' id='word_1_347' title='bbox 1677 4101 1679 4178; x_wconf 86' lang='lat' dir='ltr'>l</span> 
     </span>
    </p>
   </div>
   <div class='ocr_carea' id='block_1_9' title="bbox 0 0 1706 4986">
    <p class='ocr_par' dir='ltr' id='par_1_10' title="bbox 0 0 1706 4986">
     <span class='ocr_line' id='line_1_40' title="bbox 0 0 1706 4986; baseline 0 0"><span class='ocrx_word' id='word_1_348' title='bbox 0 0 1706 4986; x_wconf 95' lang='lat' dir='ltr'> </span> 
     </span>
    </p>
   </div>
  </div>
 </body>
</html>
