3386 4986
653 1389 842 1529 cap.
896 1389 945 1508 1

746 1737 777 1826 ὅ.
818 1738 847 1808 l.

289 1946 410 2029 Optime
449 1947 638 2008 Ptolemaeos
676 1946 756 2008 inter
793 1965 898 2009 omnes
935 1949 1053 2008 constat
1083 1963 1186 2006 musco
1225 1949 1395 2025 comparato

202 2053 408 2114 Alexandriae
442 2053 623 2136 copditaque
655 2051 840 2114 bibliotheca
871 2053 910 2112 de
932 2051 1043 2114 litteris
1065 2051 1189 2114 meritos
1212 2071 1288 2114 esse.
1334 2047 1396 2114 Sed

197 2178 382 2240 quamquam
416 2180 524 2240 regum
556 2161 663 2222 horum
695 2157 726 2218 in
755 2158 830 2221 actis
853 2159 1007 2237 rebusque
1030 2157 1232 2239 Aegyptiacis
1255 2157 1395 2220 laudibus

150 2323 151 2327 ,
200 2265 342 2328 ornandis
374 2267 496 2347 plurimi
520 2266 692 2348 scriptores,
721 2285 796 2342 quoe
818 2264 856 2327 A.
881 2265 920 2324 de
944 2262 1126 2326 Gutsehmid
1149 2265 1180 2324 in
1203 2263 1312 2326 Philol.
1335 2265 1395 2326 vol.

198 2373 232 2432 X
255 2393 285 2453 p.
311 2375 371 2436 712
397 2392 461 2451 sqq.
486 2375 523 2448 (a.
546 2370 644 2450 1855)
667 2371 865 2446 enumeravit,
889 2370 1025 2452 occupati
1048 2375 1143 2446 erant,
1167 2377 1268 2432 tamen
1292 2389 1395 2432 eorum

196 2497 293 2560 opera
325 2477 424 2539 omnia
455 2480 624 2560 temporum
657 2477 815 2558 perierunt
845 2475 955 2537 iniuria
987 2479 1078 2557 atque
1109 2477 1253 2540 memoria
1275 2477 1395 2540 illarum

109 2587 110 2590 ’
200 2605 302 2646 rerum
333 2585 413 2666 apud
447 2587 570 2645 veteres
602 2587 705 2645 exstat
736 2603 882 2666 persaepe
914 2583 1038 2648 variata.
1085 2583 1292 2646 Bibliothecae
1316 2583 1396 2644 enim

199 2690 426 2752 Alexandrinae
460 2709 498 2750 ne
531 2691 570 2750 de
605 2695 728 2752 auctore
761 2690 882 2770 quidem
906 2690 1085 2773 scriptorum
1109 2691 1286 2768 testimonia,
1317 2710 1395 2771 quae

191 2797 324 2876 collegit
347 2796 479 2859 Bechius
503 2817 584 2878 spec.
608 2798 679 2860 hist.
704 2796 776 2860 bibl.
801 2797 893 2859 Alex.
917 2796 1012 2878 (lips.
1039 2798 1137 2878 1779)
1159 2817 1187 2880 p.
1205 2797 1253 2858 VI
1276 2819 1340 2878 sqq.
1365 2804 1397 2860 et

198 2904 334 2966 Meierus
356 2923 456 2985 opusc.
481 2904 563 2964 acad.
587 2905 648 2967 vol.
672 2905 689 2964 Ι
713 2925 741 2984 p.
768 2906 808 2964 79
833 2920 907 2983 sqq,
935 2905 1129 2967 consentiunt
1149 2905 1193 2967 ita
1216 2905 1339 2984 quidem
1361 2909 1396 2966 ut

200 3011 348 3090 originem
380 3009 455 3084 eius,
487 3027 576 3088 quam
599 3009 737 3071 nonnulli
762 3009 867 3071 dieunt
890 3010 1059 3072 condidisse
1082 3011 1288 3074 Ptolemaeum
1311 3011 1395 3073 nullo

193 3117 303 3180 addito
336 3116 522 3197 cognomine,
555 3115 606 3177 alii
638 3117 677 3177 ad
700 3115 867 3177 Ptolemaei
891 3115 1004 3179 Soteris
1027 3137 1155 3199 regnum
1178 3119 1320 3194 referant,
1343 3117 1394 3178 alii

193 3227 239 3287 ..ad
271 3223 473 3304 Philadelphi,
506 3221 557 3284 alii
585 3225 623 3286 ad
647 3227 768 3304 tempus
790 3222 831 3298 id,
854 3243 913 3302 quo
937 3223 1017 3284 filius
1036 3244 1103 3284 cum
1127 3227 1212 3304 patre
1234 3223 1394 3306 imperium

201 3333 335 3396 tenebat.
381 3329 450 3390 Etsi
473 3348 547 3390 vero
571 3330 763 3392 Ptolemaeus
787 3328 876 3392 Soter
898 3329 1011 3391 multos
1033 3329 1127 3392 libros
1150 3329 1312 3393 adiuvante
1335 3331 1393 3394 De-

198 3438 308 3500 metrio
331 3435 478 3498 Phalereo
503 3453 698 3496 coacervasse
720 3435 844 3495 videtur
867 3435 916 3511 (of.
940 3433 1053 3495 Athen.
1076 3435 1279 3498 Demetriadis
1304 3429 1393 3500 iuro-

203 3538 294 3628 ρικὸν
327 3537 477 3622 δοκίμιον
499 3541 563 3602 τῶν
578 3532 831 3622 Ἀλεξανδρινῶν
853 3537 1080 3625 triplicemus
1103 3542 1184 3624 Lips.
1210 3545 1294 3607 1871
1320 3567 1348 3626 p.
1373 3551 1391 3608 6

201 3652 290 3732 sqq),
329 3658 430 3712 tamen
468 3648 554 3709 nobis
586 3647 751 3708 tenendum
783 3651 830 3708 est
858 3647 1065 3708 Ptolemaeum
1084 3649 1316 3730 Philadelphum
1339 3672 1392 3714 auc

201 3756 325 3820 oonsilio
348 3756 479 3817 nationes
502 3753 701 3816 bibliothecae
724 3752 891 3814 instituisse
916 3758 948 3815 et
971 3758 1163 3835 temperasse.
1174 3755 1197 3834 ¹)
1236 3755 1294 3816 Hic
1313 3757 1392 3816 enim

203 3898 412 3908 ...ma-m·—

275 3967 295 4034 1)
313 3965 506 4019 Testimonium
533 3965 722 4033 gravissimum
750 3964 862 4017 Ioannes
881 3964 979 4018 Tzetaa
998 3964 1080 4029 dedit,
1100 3981 1160 4018 cum
1180 3965 1207 4017 in
1226 3966 1390 4034 prolegome-

206 4055 246 4106 nis
264 4052 448 4121 Aristophanis
475 4051 572 4106 iabulis
596 4053 684 4106 affixis
702 4052 754 4121 (ed.
773 4052 879 4106 Keilius
897 4070 965 4107 mus.
985 4053 1071 4108 Rhen.
1089 4070 1147 4110 nov.
1169 4054 1219 4107 vol.
1238 4053 1276 4105 VI
1294 4069 1319 4121 p,
1341 4053 1391 4107 108

203 4157 262 4209 sqq.
287 4147 314 4196 et
337 4141 447 4211 repetiit
470 4141 632 4195 Riteehelins
650 4157 740 4210 opusc.
759 4142 810 4196 vol.
830 4142 844 4196 1
864 4159 889 4210 p.
910 4143 959 4195 199
978 4147 1045 4211 sqq.)
1065 4160 1091 4211 p.
1111 4143 1170 4207 117,
1190 4144 1206 4194 5
1225 4140 1294 4194 Keil.
1313 4156 1390 4194 onar-

204 4233 258 4284 ret:
285 4229 316 4292 „d
340 4229 394 4299 γάρ
420 4229 513 4298 ῥηθεὶς
531 4228 651 4297 βασιλεῦς
670 4228 834 4299 Πτολεμαῖος
852 4231 879 4299 (i.
899 4247 921 4286 e.
941 4229 1144 4299 Philadelphus)
1163 4229 1220 4280 ἐπεὶ
1239 4227 1284 4279 deri
1304 4234 1392 4300 Δημη-
