3386 4986
796 305 1012 376 ...4ᾒῆ

398 505 527 576 Etiamsi
558 507 694 572 veroid
717 509 799 589 quod
822 527 947 591 prorsus
970 509 1112 590 equidem
1134 509 1254 589 infitior,
1277 508 1379 575 Ranki
1402 511 1502 598 opinio

307 624 392 682 oerta
423 617 654 696 indubitataque
686 619 776 692 esset,
801 618 902 678 temen
927 613 1131 678 Alexandrini
1154 618 1246 682 irrita
1263 625 1428 702 praeeepta
1450 623 1501 683 de-

305 727 386 788 disse
409 726 595 786 riderentur.
648 722 783 784 Primum
808 723 888 784 enim
912 723 968 785 hoe
991 727 1053 786 tam
1076 725 1167 808 plane
1191 726 1311 805 cogitur
1334 747 1375 788 ex
1398 729 1502 792 verbis

304 833 401 896 lsaaei
435 829 562 892 Tuetuae
594 830 614 892 l.
633 830 653 894 l.
685 849 714 913 p.
738 836 802 893 256
836 827 1012 914 ,κωμῳδοὶ
1034 820 1303 918 ,πραττόμενοι
1326 835 1376 915 (ef.
1401 837 1500 898 adnot.

305 936 361 1022 21)
383 936 559 1022 Κρατῖνος,
585 925 738 1016 Πλάτων,
762 926 918 1015 Εὔπολις,
944 927 1161 1024 Φερεκράτης,
1178 928 1450 1028 Ἀριστοφάνηςιί,
1466 949 1501 1005 nt

302 1066 378 1127 opus
400 1063 461 1106 non
484 1043 524 1108 eit
546 1045 671 1107 uberius
694 1049 833 1108 tractare.
879 1042 998 1106 Deinde
1021 1045 1047 1106 si
1069 1044 1291 1129 Aristophanes
1310 1053 1343 1110 et
1366 1048 1500 1112 Aristar-

302 1151 378 1214 ehue
410 1152 539 1216 eemieos
565 1153 597 1213 in
621 1171 736 1232 genera
759 1150 991 1232 descripsissent
1014 1155 1045 1213 et
1067 1136 1342 1232 praestantissimos
1365 1175 1501 1237 quosque

302 1259 499 1339 delegissent,
531 1281 620 1340 quam
653 1281 690 1321 aa
722 1274 826 1320 norma
855 1261 996 1319 veterum
1020 1277 1185 1320 consensus
1207 1279 1267 1320 non
1291 1260 1331 1323 sit
1353 1267 1500 1343 patratus,

303 1386 390 1430 nemo
424 1367 483 1430 erit
519 1367 571 1448 qui
594 1387 655 1428 non
677 1365 834 1448 pereipiat.
880 1362 959 1426 Nam
983 1364 1199 1427 diversissimis
1221 1367 1388 1430 utebantur
1411 1371 1498 1432 ratio·

302 1473 394 1535 nibus
425 1479 530 1556 poetae
553 1473 683 1535 oomieos
705 1472 786 1534 inter
809 1475 926 1535 aetates
949 1471 1156 1554 dispertiendi.
1201 1471 1307 1550 Erant,
1330 1475 1382 1554 qui
1405 1478 1497 1538 medi—

302 1601 350 1642 am
382 1581 554 1644 comoediae
577 1583 709 1642 aetatem
730 1589 750 1642 'a
773 1585 880 1643 vetere
904 1584 936 1642 et
959 1599 1038 1641 noua
1060 1595 1120 1642 nou
1143 1580 1349 1661 seiungerent,
1372 1585 1427 1644 sed
1449 1603 1497 1647 oo-

300 1688 394 1751 mioos
416 1688 447 1748 in
471 1689 547 1749 duos
569 1689 731 1749 dumtaxat
753 1687 876 1749 ordines
899 1687 1126 1750 distribuerent.
1167 1687 1251 1751 Siout
1274 1687 1354 1750 enim
1378 1688 1497 1759 Quinti-

300 1795 400 1857 lianus
432 1799 465 1857 et
495 1793 621 1856 Isaaous
654 1793 765 1856 Taetaa
796 1794 828 1856 ll.
853 1794 885 1854 ll.
918 1793 1089 1855 demedio
1120 1796 1273 1858 comoedia
1305 1796 1424 1860 omuino
1453 1801 1497 1860 ta·

223 1905 228 1920 '
301 1907 380 1979 eent,
413 1901 456 1963 sie
489 1919 556 1961 eam
579 1899 719 1961 Velleius
751 1901 802 1961 l.l.
826 1899 928 1961 neseio
947 1919 985 1961 an
1007 1901 1202 1980 ignoraverit.
1249 1901 1388 1984 Namque
1410 1923 1497 1983 „una,

300 2011 351 2086 ait,
383 2029 483 2088 neque
506 2008 671 2071 multorum
693 2025 841 2069 annorum
866 2005 963 2087 spatio
987 2004 1086 2070 divisa
1108 2011 1193 2070 aetas
1215 2027 1271 2090 per
1294 2009 1389 2071 divini
1413 2011 1497 2094 spiri-

300 2123 350 2180 tus
373 2115 455 2178 viros
476 2114 675 2196 Aeschylum,
699 2112 888 2196 Sophoelem‚
904 2111 1083 2196 Euripidem
1105 2115 1281 2178 inlustravit
1303 2120 1498 2197 tragoediam,

299 2243 360 2285 una
375 2222 505 2304 priscam
521 2221 605 2284 illam
625 2226 658 2284 et
680 2225 818 2285 veterem
841 2221 897 2282 sub
915 2217 1047 2300 Cratino,
1070 2222 1276 2307 Aristophane
1300 2228 1332 2285 et
1346 2223 1498 2308 Eupolide

300 2329 496 2407 comoediam3
520 2349 555 2391 ae
570 2348 681 2392 novam
703 2328 867 2408 [eomioam]
892 2327 1081 2393 Menandrue
1103 2331 1306 2412 aequalesque
1330 2331 1395 2395 eius
1418 2337 1497 2397 aeta·

301 2437 341 2498 tis
368 2455 429 2497 non
451 2437 549 2518 magis
572 2453 663 2516 quam
685 2435 786 2517 operis
809 2433 947 2498 Philemo
970 2455 1006 2498 ae
1028 2435 1171 2518 Diphilus
1194 2441 1227 2499 et
1247 2439 1395 2502 invenere
1418 2441 1498 2504 intra
1602 2481 1603 2484 =

274 2543 277 2551 '
298 2541 495 2624 paucissimos
522 2557 617 2604 annos
640 2561 741 2620 neque
762 2540 941 2601 imitandum
964 2541 1143 2620 reliquere.“
1190 2543 1250 2604 Sed
1274 2545 1325 2623 qui
1349 2545 1495 2607 eomoedi·

300 2667 349 2710 am
381 2648 565 2732 tripartitam
601 2667 668 2708 esse
690 2645 817 2721 vellent,
841 2665 893 2705 eos
915 2645 997 2726 ipsos
1020 2646 1102 2708 inter
1124 2667 1157 2708 aa
1180 2649 1270 2708 valde
1294 2650 1494 2730 discrepuisse

298 2754 366 2835 quis
390 2759 438 2817 est
460 2755 534 2835 quin
557 2750 707 2815 miretur?
753 2749 876 2812 Etenim
909 2750 1071 2814 Diomedes
1102 2771 1228 2832 gramm.
1252 2753 1317 2815 latt.
1341 2754 1402 2814 vol.
1426 2754 1443 2813 I
1465 2757 1494 2833 p.

297 2865 360 2924 488
398 2884 441 2942 sq.
472 2861 551 2924 Keil.
584 2857 733 2920 narrarit:
772 2862 898 2940 „poetae
939 2857 1028 2940 primi
1061 2857 1166 2922 eomiei
1195 2859 1318 2921 fuerunt
1340 2857 1493 2935 Susarion,

297 2969 414 3032 Mullus
438 2974 470 3032 et
492 2967 623 3047 Magnes
636 3013 714 3029 .....
748 2965 882 3027 secunda
914 2969 1013 3028 aetate
1045 2965 1169 3028 fuerunt
1187 2965 1415 3048 Aristophanes,
1434 2965 1494 3027 Eu·

297 3076 376 3158 polis
394 3075 432 3139 'et
455 3064 598 3138 'cratinus
610 3118 688 3138 .....
713 3071 802 3134 tertia
825 3077 910 3135 aetas
932 3073 989 3136 luit
1011 3071 1183 3149 Menandri,
1206 3071 1331 3154 Diphili,
1346 3071 1495 3133 Philemo·

297 3183 373 3246 nis.“
411 3181 570 3245 Simillima
591 3181 723 3242 Ioannes
747 3177 859 3242 Tuetua
881 3175 960 3265 περὶ
981 3175 1149 3266 ,διαφορᾶς
1171 3201 1200 3262 p.
1226 3183 1288 3241 336
1309 3176 1407 3242 Oram.
1429 3196 1495 3262 pro-

297 3289 382 3352 tulit:
406 3279 559 3375 ,,ττρώτης
575 3280 772 3371 [κωμῳδίας]
789 3276 919 3373 εὑρετὴς
933 3280 1133 3371 Σουσαρίωκ
1158 3288 1216 3372 της
1239 3280 1409 3368 δευτέρας.
1422 3329 1429 3346 .
1441 3332 1447 3345 .
1460 3268 1496 3370 ἦν

297 3397 472 3480 Κρατῖνος,
511 3385 668 3472 Εὔπολις,
709 3383 925 3479 Φερεκράτης,
968 3382 1212 3480 Ἀριστοφάνης
1235 3381 1429 3476 Ἕρμιππός
1460 3411 1496 3452 τε

298 3499 356 3565 καὶ
379 3493 523 3565 Πλάτων
546 3497 604 3564 καὶ
627 3501 686 3587 τῆς
709 3495 878 3587 τρίτης...
903 3486 940 3586 ἦν
962 3495 1157 3585 Μένανδρος
1179 3495 1237 3562 καὶ
1255 3488 1439 3584 Φιλήμων;“
1453 3495 1494 3576 8l)

298 3609 472 3692 Melampus
505 3613 608 3672 autem
641 3609 804 3672 soholiasta
831 3609 919 3672 Dion.
944 3608 1016 3669 Thr.
1041 3605 1093 3670 l.l.
1115 3625 1145 3687 p.
1172 3609 1233 3668 749
1258 3605 1333 3666 haee
1354 3605 1495 3684 praebet:

298 3717 374 3804 ,τῆς
398 3712 434 3778 δὲ
457 3715 605 3792 παλαιᾶς
629 3710 826 3799 [κωμῳδίας]
852 3708 1017 3797 ἐπίσημος
1039 3713 1260 3796 Κρατῖνος...
1279 3704 1436 3790 μετέσχον
1459 3705 1497 3772 δέ

298 3844 388 3900 τινος
417 3814 534 3909 χρόνου
565 3823 623 3908 τῆς
654 3820 803 3896 παλαιᾶς
834 3813 1011 3903 κωμῳδίας
1034 3807 1182 3892 Εὔπολίς
1205 3837 1240 3879 τε
1263 3812 1319 3878 καὶ
1343 3805 1494 3902 Ἀριστο-

371 4087 405 4155 Ἢ)
425 4083 459 4139 ef.
478 4085 585 4139 Ioannis
604 4083 719 4138 Tuetzae
746 4081 893 4151 prolegom.
918 4080 946 4134 in
964 4079 1102 4149 Aristoph.
1130 4097 1156 4150 p.
1176 4081 1227 4135 113
1246 4096 1285 4149 sq.
1309 4077 1380 4135 Keil.
1416 4079 1495 4134 Hune

299 4177 394 4240 locum,
424 4189 476 4243 quo
501 4173 599 4228 Tuetza
618 4173 688 4226 inter
706 4175 798 4241 poetas
816 4169 920 4224 mediae
939 4170 1091 4225 oomoediae
1109 4171 1286 4240 Hermippum
1305 4169 1494 4239 praetermisit,

299 4281 446 4337 anonymus
466 4262 586 4320 Cramari
604 4262 651 4319 l.l.
670 4279 695 4330 p.
714 4262 730 4316 7
750 4259 888 4328 exscripsit
906 4259 950 4330 (el.
970 4260 1060 4316 adnot.
1081 4261 1114 4330 1),
