3386 4986
678 389 897 447 ...49--

187 591 329 654 atvero
354 587 380 648 si
403 586 467 648 ulla
489 585 613 646 floreret
635 588 700 645 tum
723 599 818 644 canon
842 583 995 643 oratorum
1018 581 1207 658 auctoritate,
1231 602 1297 645 eam
1320 605 1387 647 nor-

187 716 267 760 mam
308 697 390 757 hunc
430 693 463 753 in
501 693 624 753 modum
657 688 802 768 Gorgiam
836 689 1050 769 despectorum
1083 687 1176 748 fuisse
1208 708 1296 751 nemo
1330 692 1388 752 nisi

188 802 393 866 Ruhnkenius
416 799 601 862 contendere
625 795 713 858 ausit.
748 795 841 857 Porro
866 794 919 873 qui
942 797 1042 856 aetate
1064 794 1155 875 paulo
1177 795 1300 858 inferior
1323 803 1390 862 erat

180 883 316 988 Gorgia,
348 906 515 988 Dionysius
547 901 828 965 Halioamassonsis
857 901 1003 962 decadem
1026 900 1091 962 sino
1114 901 1206 964 dubio
1228 901 1389 981 ignoravit.

193 1017 358 1095 Postquam
402 1013 483 1074 enim
514 1009 680 1092 Dionysius
716 1009 749 1069 in
780 1007 859 1068 libro
883 1003 961 1090 περὶ
986 997 1131 1090 ἀρχαίων
1155 999 1298 1094 ῥητόρων
1320 1032 1344 1074 ο.
1370 1017 1388 1076 1

196 1143 262 1202 sqq.
284 1139 313 1202 p.
334 1125 397 1182 445
417 1120 455 1183 R.
475 1118 587 1179 diserte
611 1115 781 1178 enuntiavit
804 1113 996 1194 eloquentiae
1018 1116 1236 1195 propemodum
1259 1117 1391 1180 exstinc-

198 1237 247 1290 tae
280 1228 381 1290 studia
412 1227 554 1306 aequales
585 1230 651 1286 turn
683 1225 806 1284 demum
838 1222 947 1283 mellus
970 1220 1071 1283 colere
1094 1221 1243 1304 incepisse
1267 1223 1392 1305 eiusque

195 1333 438 1398 commutationis
455 1337 613 1415 parentem
631 1351 698 1392 osse
717 1330 854 1406 Romam,
877 1333 983 1411 utpote
999 1346 1077 1407 quae
1100 1329 1232 1390 omnium
1255 1333 1393 1410 gentium

200 1443 319 1505 domina
359 1441 462 1504 oculos
503 1440 533 1500 in
566 1459 599 1499 se
632 1439 835 1511 converteret,
868 1455 934 1498 sese
958 1437 1111 1498 dicturum
1134 1455 1202 1496 esse
1225 1436 1392 1517 profitetur,

197 1544 305 1626 ,τίνες
338 1541 425 1611 εἰσὶν
458 1535 716 1625 ἀξιολογώτατοι
749 1543 814 1603 τῶν
846 1533 991 1628 ἀρχαίων
1015 1532 1158 1629 ῥητόρων
1180 1563 1216 1605 τε
1238 1539 1296 1606 καὶ
1321 1563 1392 1627 συγ-

197 1651 378 1742 γραφέων“,
393 1658 485 1734 atquo
500 1651 598 1712 addit:
618 1639 716 1727 ,οὐδὲ
729 1670 795 1711 που
817 1643 864 1729 μὰ
878 1645 948 1713 Δία
970 1643 1064 1711 κοινοὶ
1089 1640 1164 1712 οὐδὲ
1187 1650 1393 1736 ναθημαξεο-

196 1757 279 1842 μένα
306 1760 379 1833 τοῖς
407 1749 577 1842 πρότερον·
603 1750 666 1838 ἐγώ
690 1757 765 1840 γοῦν
789 1747 927 1842 οὐδεμιᾷ
951 1746 1086 1841 τοιαύτῃ
1110 1751 1294 1842 περιτυχών
1316 1747 1394 1820 οἶδα

198 1868 317 1954 γραφῇ,
352 1859 476 1951 πολλὴν
510 1855 642 1950 Ιζήτησιν
670 1855 776 1926 αὐτῶν
799 1856 1053 1951 ποιησάμενος.“
1100 1863 1176 1926 Cum
1197 1865 1292 1944 igitur
1313 1865 1394 1926 haud

200 1976 348 2054 vulgares
379 1992 430 2034 res
462 1992 495 2034 se
526 1975 727 2035 tractaturum
760 1992 827 2034 esse
850 1992 950 2051 neque
975 1971 1122 2033 eiusmodi
1145 1971 1259 2053 scripta
1280 1971 1395 2032 vidisse
1445 2005 1449 2015 ·

199 2083 317 2158 doceat,
359 2079 432 2160 quid
472 2079 583 2140 mirum
606 2081 640 2142 ‘si
673 2099 761 2142 suum
791 2079 938 2140 iudicium
966 2084 1089 2141 secutus
1112 2098 1153 2139 ex
1176 2077 1396 2158 antiquioribus

198 2187 370 2250 oratoribus
403 2185 538 2266 Lysiam,
562 2187 736 2263 Isocratem,
760 2187 892 2263 Isaeum,
916 2207 956 2246 ex
979 2184 1197 2268 posterioribus
1219 2185 1396 2246 Demosthe-

197 2315 278 2370 nem,
313 2292 517 2372 Hyperidem,
550 2291 734 2350 Aeschinem
767 2281 1087 2372 ,,ἇξιολογωτάτους“
1110 2288 1324 2351 existimavit?
1347 2293 1399 2368 (c.

201 2422 231 2479 p.
257 2403 320 2460 451
345 2398 383 2458 It.
413 2383 490 2472 ,οὓς
513 2389 585 2477 ἐγώ
608 2396 673 2457 τῶν
695 2385 803 2457 ἄλλων
826 2388 990 2482 ἡγοῦμαι
1013 2391 1230 2482 κροτίστοος“
1254 2404 1286 2458 et
1308 2396 1397 2478 cisp.

203 2502 317 2566 628R.
341 2494 416 2578 „cdv
435 2497 471 2562 δὲ
494 2492 551 2563 τὸν
574 2497 686 2585 τρίτον
706 2495 836 2580 Ἰσαῖον,
860 2493 963 2577 εἴτις
986 2495 1095 2588 ἔροιτο
1117 2524 1167 2583 με,
1192 2497 1282 2576 τίνος
1304 2495 1398 2564 ἕνεκα
1482 2499 1486 2506 ’

203 2603 426 2693 προσεθέμην,
459 2602 593 2670 Λυσίου
626 2600 665 2693 δὴ
699 2601 841 2694 ζηλωτὴν
872 2598 959 2687 ὅντα,
983 2600 1102 2696 ταύτην
1124 2597 1164 2672 dv
1186 2599 1274 2692 crispi
1297 2604 1398 2696 φαίην

204 2708 262 2800 τὴν
295 2708 416 2791 αἰτίαν,
450 2705 503 2775 ὅτι
525 2735 583 2793 μοι
608 2711 700 2776 δοκεῖ
724 2715 781 2801 τῆς
804 2713 1040 2801 Δημοσθένους
1063 2707 1323 2802 δεινότητος,....
1356 2709 1397 2778 τὰ

204 2817 381 2906 σπέρματα
404 2817 461 2882 καὶ
485 2813 546 2895 τὰς
568 2811 673 2906 ἀρχὰς
696 2805 825 2898 οὗτοςὸ
849 2814 929 2909 ἀνὴρ
952 2824 1178 2908 παρασχεῖνιι).
1226 2823 1301 2886 Cum
1324 2843 1398 2886 vero

202 2929 234 2989 in
266 2930 344 2991 libro
368 2923 468 3011 ,περὶ
491 2917 682 3014 μιμήσεως(
704 2929 746 3010 (p.
770 2933 832 2991 431
858 2951 923 3010 sqq.
946 2931 997 3007 R.)
1020 2931 1057 2991 ab
1080 2930 1133 2992 illa
1155 2929 1271 2994 ratione
1293 2929 1398 3013 paulu-

205 3035 270 3094 lum
294 3038 438 3096 aberrans
462 3043 504 3096 ert
527 3035 589 3096 illis
613 3055 671 3096 sex
692 3035 880 3118 principibus
902 3038 942 3098 ad
964 3037 1142 3097 imitandum
1165 3037 1298 3116 quinque
1321 3054 1400 3098 com·

207 3141 373 3216 mandaret,
405 3161 513 3203 verum
544 3143 610 3204 loco
633 3141 714 3204 Isaei
737 3141 916 3222 Lycurgum
938 3145 1074 3222 poneret,
1097 3142 1183 3202 firma
1204 3159 1307 3204 norme
1330 3141 1399 3203 Dio·

208 3245 316 3326 nysius
345 3246 411 3326 ipse
442 3267 568 3328 prorsus
597 3248 730 3309 caruisse
752 3248 825 3308 mihi
848 3248 980 3310 videtur.
1026 3246 1165 3326 Denique
1189 3248 1227 3307 de
1249 3247 1399 3308 Dinarchc

208 3353 376 3433 Dionysius
395 3354 642 3415 commentarium
657 3353 786 3434 scripsit,
810 3373 870 3415 non
889 3373 949 3434 quo
962 3351 1093 3416 omnium
1115 3351 1224 3414 iudicio
1247 3352 1279 3413 in
1293 3371 1400 3414 nume-

208 3479 276 3520 rum
301 3458 580 3541 probatissimorum
604 3464 746 3542 receptus
768 3465 859 3537 esset,
883 3462 937 3523 sed
960 3461 1041 3542 quod
1064 3459 1198 3538 ,τοῦτον
1221 3451 1276 3520 τὸν
1299 3447 1401 3544 ἷίνδροι

210 3558 305 3650 παρὰ
337 3562 479 3639 πολλοῖς
510 3554 687 3650 ἠξιωμένον
719 3555 879 3646 ὀνόματος
902 3562 961 3630 ε’νιὶ
986 3556 1147 3651 δεινότητι
1170 3555 1287 3647 λόγον“
1309 3564 1402 3628 vidis·

209 3678 257 3736 set
280 3671 334 3756 (ot.
358 3673 398 3732 de
421 3672 490 3736 Din.
514 3672 575 3738 iud.
599 3693 623 3736 c.
649 3677 665 3735 l
691 3694 719 3754 p.
744 3677 807 3736 630
830 3673 891 3754 R).

148 3760 151 3768 ¹
300 3778 411 3842 Eorum
449 3798 533 3856 vero,
567 3778 620 3858 qui
651 3779 772 3840 decadis
804 3779 951 3842 oratoriae
982 3779 1164 3840 mentionem
1196 3779 1340 3855 lecerunt,
1367 3782 1403 3838 ut

213 3901 286 3945 vere
308 3885 444 3948 Maierus
466 3887 486 3946 1,
497 3887 517 3947 l.
541 3907 569 3968 p.
595 3888 657 3948 128
683 3886 825 3962 ostendit,
848 3886 963 3968 primus
986 3889 1032 3946 est
1051 3882 1199 3946 Caecilius
1222 3883 1401 3946 Calactinus.
1505 3899 1508 3906 ’

214 3985 323 4051 Docuit
346 3989 495 4053 Caecilius
522 3993 636 4054 amicus
659 3991 788 4074 Dionysi
811 3993 860 4074 (cf.
884 3991 969 4054 Dion.
990 3991 1079 4074 epist.
1103 3993 1150 4053 ad.
1175 3989 1228 4053 (lu.
1251 3991 1352 4072 Pomp.
1376 4008 1401 4050 o.

216 4095 234 4152 8
259 4113 289 4174 p.
315 4097 374 4158 777
399 4095 451 4174 R.)
483 4097 624 4178 Augusto
656 4099 825 4180 imperante
851 4097 966 4161 Romae
989 4101 1086 4161 artem
1108 4098 1288 4161 rhetoricam
1309 4099 1401 4176 atque

216 4219 284 4260 cum
317 4200 390 4262 alios
422 4207 486 4262 tum
508 4204 602 4266 libros
625 4207 800 4288 composuit,
824 4205 876 4286 qui
897 4206 936 4267 ad
958 4212 1091 4268 oratores
1114 4203 1248 4268 Graecos
1269 4201 1402 4284 pertinu-

217 4310 315 4368 erunt.
354 4306 455 4368 Huius
477 4309 598 4386 generis
620 4287 696 4392 opus
717 4312 776 4373 luit
799 4305 898 4394 ,περὶ
920 4310 977 4373 τοῦ
998 4308 1201 4394 χαρακτῆρος
1224 4306 1288 4371 τῶν
1311 4303 1404 4371 δέκα

1193 4412 1210 4464 4
