3386 4986
681 310 901 370 ...41-

283 499 512 572 Comlccrum
544 524 601 586 age
624 502 813 568 Graecomm
844 503 942 584 qualis
966 523 1057 584 quem
1078 501 1283 564 Ruhnkenius
1306 499 1394 579 dixit,

192 612 286 675 suerit
309 612 456 690 delectus,
481 613 680 676 excutiamus.
726 611 866 691 Namque
890 631 949 688 „ex
973 611 1115 692 antiquae
1138 610 1318 686 comoediae,
1342 609 1393 686 ait,

192 719 391 802 scriptoribus
414 720 532 802 recepti
554 723 626 782 sunt
648 718 857 802 Epicharmus,
882 716 1032 795 Cratinus,
1056 717 1193 799 Eupolis,
1217 715 1394 798 Aristopha-

192 848 256 904 nes,
280 827 490 904 Pherecrates,
522 827 638 891 Plato.“
685 825 754 896 Qua
783 825 814 885 in
837 845 871 886 re
895 845 963 887 cum
985 825 1076 906 plane
1099 823 1221 885 nomina
1243 843 1285 884 ex
1308 823 1394 884 tabu-

194 936 244 996 lae
268 931 359 996 Coisl.
392 935 584 1016 paragrapho
617 932 722 1014 quinta
745 931 970 1008 transcriberet,
994 930 1107 1014 duplici
1130 929 1247 993 ratione
1269 949 1326 1012 per
1348 949 1393 992 er·

195 1062 294 1104 rorem
322 1042 426 1124 lapsus
450 1045 506 1106 est.
551 1040 612 1101 Illa
635 1039 715 1100 enim
739 1040 770 1100 in
793 1040 992 1122 paragrapho,
1016 1058 1094 1119 quae
1117 1037 1256 1118 quamvis
1279 1058 1394 1118 κωμῳ-

198 1143 331 1210 δοποιοὶ
369 1139 510 1232 ἀρχαίας
552 1137 578 1225 ζ
611 1146 758 1229 inscripta
790 1167 846 1208 sex
870 1149 988 1208 tantum
1011 1145 1132 1208 nomina
1155 1145 1298 1220 continet,
1322 1145 1392 1226 post

198 1255 410 1318 Pherecratem
442 1253 574 1318 Cratetis
607 1273 717 1316 nomen
744 1253 900 1316 intercidit
921 1258 1013 1334 atque
1036 1254 1093 1314 hoc
1117 1274 1158 1315 ex
1182 1253 1286 1314 tabula
1308 1251 1395 1312 Bodl.

198 1361 234 1442 (ξ.
259 1362 356 1440 XIII)
386 1367 509 1444 petatur
531 1365 660 1443 oportet.
706 1360 825 1422 Deinde
850 1361 930 1440 qnod
953 1359 1170 1442 Epicharmum
1194 1358 1329 1421 Siculum
1351 1359 1395 1417 in-

197 1475 245 1532 ter
260 1469 422 1552 scriptores
444 1469 615 1530 comoediae
638 1467 761 1530 Atticae
784 1466 867 1528 illius
890 1467 1013 1528 tabulae
1036 1467 1216 1530 auctoritate
1239 1465 1395 1548 pervictus

196 1576 396 1651 enumeravit,
428 1575 613 1638 Ruhnkenio
646 1575 779 1636 dandum
812 1580 860 1635 est
890 1573 1088 1654 sitiensque
1113 1573 1238 1636 dubium
1261 1571 1394 1648 videtur,

195 1684 268 1764 quin
302 1683 330 1744 is
362 1702 455 1758 error,
489 1703 548 1762 quo
581 1683 671 1744 etiam
699 1700 870 1763 anonymus
894 1675 971 1764 περὶ
996 1673 1176 1764 κωμῳδίας
1199 1681 1323 1742 tenetur
1346 1678 1394 1756 (ol.

194 1789 333 1852 Meinehi
349 1788 417 1850 hist.
442 1788 508 1854 crit
532 1808 606 1852 com.
630 1809 730 1870 graec.
754 1811 783 1870 p.
801 1793 873 1865 535,
900 1793 955 1850 13:
979 1788 1064 1866 „cciv
1087 1787 1146 1872 τῆς
1169 1775 1309 1870 ἀρχαίας
1332 1805 1394 1846 κω-

197 1889 328 1978 μῳδίας
350 1895 497 1980 ττοιητῶυ
520 1889 607 1957 εἰσιν
625 1885 892 1978 ἀξιολογώτατοι·
909 1885 1121 1979 Ἐπίχαρμος,
1139 1882 1287 1978 Μάγνης,
1304 1893 1394 1976 Κρα-
1465 1943 1469 1954 .

201 2002 300 2079 τῖυος,
323 1991 466 2088 Κράτης,
493 1993 708 2088 Φερεκράτης,
735 1992 904 2087 Φρύνιχος,
928 1992 1085 2078 Εὔπολις,
1111 1988 1396 2086 Ἀριστοφάνηςίι),

199 2109 237 2170 ab
260 2105 481 2170 Alexandrinis
513 2129 573 2170 non
605 2110 783 2174 manaverit.
831 2110 920 2181 Quod
952 2109 978 2170 si
1010 2108 1195 2184 conceditur,
1218 2113 1321 2169 utrum
1344 2105 1396 2166 ali·

197 2217 279 2277 unde
312 2235 416 2278 eorum
449 2233 585 2274 normam
608 2215 711 2276 rimari
733 2215 882 2296 possimus
904 2235 1010 2292 necne,
1033 2214 1170 2295 quaestio
1193 2214 1274 2276 cadit
1295 2215 1327 2274 in
1350 2233 1396 2276 co·

197 2322 385 2401 gitationem.
420 2318 625 2380 Perhibentur
647 2341 666 2382 a
688 2320 851 2402 plerisque,
874 2323 1127 2401 quemadmodum
1150 2321 1332 2401 tragoediae,
1355 2321 1398 2384 ita

200 2425 373 2488 comoediae
405 2423 522 2507 priscae
546 2427 670 2488 hercule
693 2446 766 2488 sane
790 2433 852 2490 tres
875 2427 1027 2511 principes
1051 2428 1192 2492 Cratinus
1215 2433 1248 2490 et
1269 2429 1398 2511 Eupolis

201 2537 233 2594 et
264 2531 494 2613 Aristophanes.
508 2531 549 2612 26)
603 2531 669 2595 Hos
710 2533 804 2612 igitur
845 2555 885 2596 ex
917 2535 1130 2618 Aristophanis
1166 2536 1418 2616 Aristarchique·

202 2638 355 2702 sententia
391 2637 501 2700 ceteris
542 2640 672 2720 palmam
713 2640 918 2722 praeripuisse
959 2642 1099 2704 Rankius
1135 2644 1155 2708 l.
1173 2644 1194 2707 l.
1217 2663 1245 2726 p.
1288 2641 1397 2706 CXIX

200 2746 371 2830 suspicatus
390 2748 438 2807 est
457 2749 548 2825 atque
568 2767 635 2808 earn
663 2747 865 2810 coniecturam
890 2749 1037 2832 imprimis
1059 2751 1171 2828 verbis,
1195 2769 1273 2832 quae
1296 2751 1396 2812 Plato·
1455 2727 1458 2732 Ι

199 2854 268 2916 nius
295 2855 413 2936 profert
435 2853 486 2932 (cf.
510 2850 700 2916 Meinekium
724 2855 774 2919 l.l.
797 2874 825 2938 p.
851 2861 924 2934 534,
950 2862 966 2920 1
1001 2858 1187 2942 ,Κρατῖνος
1212 2847 1229 2918 ὁ
1251 2857 1309 2942 της
1332 2878 1396 2918 τια-

199 2959 296 3036 λαιᾶς
319 2954 498 3044 κωμῳδίας
521 2954 662 3048 ποιητὴς
685 2951 742 3024 ἀτε
767 2954 805 3048 δὴ
829 2956 913 3025 κατὰ
937 2957 997 3038 τὰς
1013 2954 1204 3048 Ἀρχιλόχου
1229 2955 1395 3050 ζητήσεις(

198 3088 266 3146 eq.
279 3069 316 3148 s.)
348 3088 488 3148 quaeque
511 3067 686 3130 Meinekius
709 3070 751 3132 ita
775 3071 991 3132 emendaverat
1013 3071 1044 3131 in
1068 3071 1227 3146 „Quaestt
1251 3070 1355 3133 Scen.·‘
1379 3072 1396 3132 l

201 3194 229 3254 p.
263 3179 315 3249 19,
346 3181 382 3236 ut
419 3196 473 3256 pro
506 3167 611 3252 „antri
644 3168 704 3250 τὰς
737 3165 929 3260 Ἀρχιλόχου·
953 3167 1121 3263 ζητησεις“
1145 3182 1273 3260 poneret
1296 3173 1394 3262 „neci

200 3272 277 3354 τούς
305 3269 518 3365 Ἀριστάρχου
543 3272 721 3368 ζητήσειςίί,
749 3283 796 3344 his
819 3284 932 3360 verbis,
954 3284 1087 3364 inquam,
1110 3285 1307 3347 audacissime
1330 3305 1395 3348 mu·

201 3387 272 3448 tatis
303 3385 442 3449 Ranhius
474 3389 650 3451 confirmare
683 3389 808 3452 studuit.
856 3389 916 3452 Sed
947 3390 1013 3473 ipse
1036 3391 1212 3453 Meinekius
1235 3393 1304 3456 hist.
1328 3394 1393 3459 crit.

198 3513 273 3556 com.
313 3513 413 3574 graec
451 3513 480 3576 p.
515 3501 555 3558 53
589 3495 673 3558 illam
705 3497 947 3560 emendationem
980 3507 1065 3559 recte
1089 3499 1270 3582 repudiavit,
1294 3501 1337 3562 ita
1359 3504 1395 3562 ut

193 3601 398 3664 testimonium
422 3603 524 3665 fictum
548 3603 715 3667 evanuerit.

193 3746 405 3755 --u—‘o—..w

264 3813 299 3880 ²⁶)
319 3813 498 3869 Consentiunt
524 3811 555 3867 de
582 3830 613 3868 ea
632 3832 660 3868 re
679 3814 808 3869 Horatius
828 3819 877 3873 sat.
900 3817 922 3882 l,
942 3817 966 3882 4,
989 3817 1017 3881 l;
1037 3817 1145 3887 Dionys.
1166 3818 1228 3874 Hal.
1248 3823 1298 3874 art.
1317 3819 1386 3874 rhet.

196 3914 218 3953 c.
237 3900 261 3964 8,
289 3903 321 3955 11
341 3919 367 3971 p.
386 3904 438 3958 302
457 3904 490 3958 n.
510 3901 554 3972 (ol.
574 3919 599 3971 p,
619 3903 696 3972 413);
715 3903 837 3958 Velleius
856 3905 1014 3959 Paterculus
1033 3907 1055 3972 I,
1077 3909 1121 3973 16;
1142 3905 1326 3973 Quintilianus
1345 3909 1362 3964 l.
1374 3907 1391 3964 l.

196 3987 220 4053 ξ.
234 3988 281 4051 66;
300 3990 402 4044 Marius
413 3991 568 4046 Victorinus
587 4009 700 4061 gramm.
721 3993 781 4047 latt.
801 3994 851 4050 vol.
863 3995 902 4048 VI
921 4011 946 4063 p.
958 3995 1071 4050 78Kei1.
1091 4001 1120 4051 et
1137 3999 1308 4068 compluries;
1329 4015 1391 4050 ano·

194 4091 291 4144 nymus
320 4081 382 4148 περὶ
411 4079 553 4152 κωμῳδίας
581 4082 609 4136 in
629 4082 749 4138 Crameri
767 4085 858 4139 anecd.
878 4085 961 4144 Paris,
983 4086 1034 4139 vol.
1053 4086 1075 4152 I,
1094 4086 1126 4151 4;
1146 4087 1255 4157 aliique.
1293 4086 1393 4142 Contra

196 4164 310 4218 Ioannes
329 4166 427 4220 Tzetza
445 4169 512 4236 prol.
532 4169 561 4223 in
579 4170 643 4228 Hes.
662 4189 687 4242 p.
710 4174 742 4228 13
761 4174 920 4228 comicorum
939 4175 1061 4244 exempla
1069 4174 1283 4246 Aristophanem,
1302 4175 1391 4244 Eupo-

194 4253 249 4320 lim,
269 4253 458 4309 Pherecratem
476 4258 607 4327 proponit.
