3386 4986
708 1357 895 1497 cap.
951 1357 1035 1476 11„

821 1635 851 1723 a.
893 1636 922 1706 r.

263 1821 266 1827 ¹
363 1841 480 1902 Rerum
518 1847 626 1904 natura
666 1843 785 1922 longius
817 1845 959 1912 aberrare
991 1810 1113 1906 coactus
1145 1863 1181 1904 eo
1212 1847 1358 1920 revertor,
1385 1844 1467 1904 nnds

275 1949 429 2029 proiectus
469 1967 545 2024 snm,
583 1949 622 2010 ad
659 1949 893 2031 Aristophanem
929 1949 1122 2030 Byzantium.
1176 1948 1254 2012 Nam
1286 1951 1325 2011 de
1356 1949 1468 2012 litteris

274 2057 486 2135 praeterquam
518 2055 599 2134 qnod
622 2055 709 2116 libris
732 2047 817 2140 πρὸς
839 2050 915 2131 τοὺς
936 2045 1152 2135 Καλλιμάχου
1174 2051 1319 2132 πίνακας
1340 2057 1468 2120 meritus

274 2165 330 2236 est,
362 2159 422 2223 alia
455 2181 575 2240 quoqne
607 2181 641 2222 re
673 2162 800 2226 eximias
831 2164 945 2238 landes,
978 2182 1056 2242 quae
1081 2167 1113 2225 ct
1134 2163 1193 2245 ipsi
1215 2162 1413 2246 Aristophani
1436 2168 1469 2225 et

271 2267 449 2330 Aristarcho
482 2267 547 2329 eius
580 2267 729 2350 discipulo
761 2269 978 2346 attribuuntur,
1011 2269 1068 2331 sibi
1102 2271 1258 2352 peperisse
1281 2271 1467 2352 perhibetur.

272 2373 396 2434 Etenim
427 2373 633 2436 Ruhnkenins
664 2382 824 2457 postquam
856 2379 887 2438 in
921 2377 1173 2440 commentatione
1208 2377 1406 2440 celeberrima
1429 2377 1467 2438 de

271 2480 341 2541 hist.
382 2480 447 2541 crit
471 2486 546 2543 orat.
581 2489 680 2560 graec.
712 2484 762 2562 (cl.
786 2504 889 2565 opusc.
912 2485 973 2546 vol.
996 2484 1014 2544 I
1036 2505 1066 2565 p.
1090 2486 1153 2546 385
1177 2504 1241 2563 sqq.
1275 2485 1322 2546 ed.
1345 2482 1465 2563 Bergm.

272 2586 370 2666 Lugd.
404 2586 470 2648 Bat.
496 2589 594 2664 1823)
627 2588 770 2668 exposuit
801 2609 856 2670 per
888 2610 1027 2651 omnes
1050 2593 1185 2652 oratores
1208 2593 1240 2650 et
1263 2593 1368 2670 postas
1390 2591 1466 2652 anti·

272 2692 432 2772 quissimos
464 2693 626 2772 magistros
657 2694 689 2754 in
716 2701 782 2756 arte
805 2695 989 2758 illustranda
1010 2696 1161 2758 rhetorica
1183 2701 1310 2776 vagatos
1332 2716 1401 2758 esse
1422 2701 1466 2758 at

272 2819 332 2878 qne
366 2799 439 2878 qnid
471 2800 503 2859 in
535 2819 655 2880 quoque
679 2806 796 2863 rectum
819 2807 851 2864 et
873 2802 1032 2884 pulchrum
1054 2802 1250 2884 reperissent,
1273 2803 1413 2864 laudasse
1436 2807 1467 2863 et

271 2908 310 2967 ad
341 2905 520 2981 imitandum
548 2907 755 2998 proposuisse,¹
774 2909 851 2969 hanc
873 2908 1138 2987 grammaticorum
1159 2908 1306 2972 rationem
1329 2909 1377 2970 his
1398 2927 1463 2970 ver·

271 3013 319 3074 bis
342 3013 480 3076 enuntiat
503 3018 716 3077 commutatam
740 3034 820 3075 esse:
866 3015 996 3090 „Exorti
1020 3015 1109 3090 enim,
1132 3014 1240 3094 inquit,
1268 3016 1328 3076 dno
1351 3034 1466 3076 summo

270 3120 391 3200 ingenio
425 3124 456 3181 st
488 3120 633 3198 singulari
665 3119 804 3184 doctrina
835 3121 941 3196 critici,
973 3121 1170 3184 Aristarchus
1192 3124 1224 3182 et
1246 3120 1467 3203 Aristophanes

271 3226 448 3307 Byzantius,
480 3227 532 3306 qui
561 3245 630 3288 oum
657 3227 942 3290 animadvertissent
964 3229 1122 3308 ingentem
1144 3227 1323 3310 scriptorum
1345 3231 1465 3290 hubam

271 3333 340 3414 plus
378 3335 484 3395 obesse
525 3333 611 3396 bonis
644 3335 754 3398 litteris
785 3353 875 3414 quam
908 3336 1061 3416 prodesse,
1089 3354 1178 3394 snum
1200 3333 1345 3396 iudicium
1369 3333 1463 3396 secuti

271 3442 388 3500 certum
411 3440 507 3501 omnis
530 3441 654 3520 generis
676 3441 857 3523 scriptorum
880 3441 1034 3503 delectum
1051 3441 1226 3504 haberent.“
1272 3439 1348 3503 Onm
1370 3439 1464 3519 igitur

272 3566 366 3608 censu
398 3546 580 3626 scriptorum
602 3551 669 3610 acto
693 3548 815 3610 ordines
836 3548 1163 3630 praestantissimorum
1186 3551 1342 3630 politamm
1364 3547 1463 3606 heroi·

272 3671 385 3727 corum,
408 3651 701 3733 iambographorum,
725 3656 936 3734 elegiacorum,
960 3655 1136 3737 lyricorum,
1160 3653 1353 3734 tragicomm,
1376 3651 1464 3714 comi-

271 3779 375 3822 corum
407 3763 440 3819 et
471 3765 624 3821 oratorum
647 3765 679 3823 et
702 3761 913 3824 historicorum
935 3759 1069 3823 instituti
1092 3765 1204 3837 essent,
1227 3761 1284 3822 hos
1306 3757 1411 3839 „qnasi
1432 3759 1465 3818 in

271 3885 416 3928 canonem
429 3863 454 3942 ⁷)
495 3868 652 3946 receptos“
693 3865 898 3929 Ruhnkenius
934 3865 1098 3928 affirmavit
1133 3870 1253 3929 tantum
1285 3865 1466 3928 anctoritate

341 4057 363 4125 7)
384 4054 483 4140 Karoia
500 4073 557 4122 vor,
578 4057 652 4111 onius
666 4059 774 4126 propria
787 4063 829 4112 est
840 4057 914 4111 notio
928 4073 1036 4112 normae
1054 4058 1199 4125 fabrorum,
1219 4059 1353 4116 translata
1370 4073 1464 4125 qnam·

269 4147 337 4200 libet
363 4145 500 4214 significat
527 4146 658 4214 regulam.
695 4146 791 4215 Itaque
809 4149 982 4215 praeceptum
1005 4163 1109 4217 qnoque
1128 4148 1246 4212 denotat,
1257 4159 1318 4216 ‘quo
1337 4147 1383 4225 ria
1399 4145 1466 4204 artis

269 4235 312 4288 vel
339 4234 497 4303 disciplinae
516 4235 644 4290 colendae
663 4235 750 4300 datur,
779 4235 856 4289 velut
877 4235 991 4304 regulae
1008 4236 1211 4304 grammaticae,
1230 4236 1265 4290 ad
1283 4234 1466 4304 qnasrloontio
