3386 4986
763 297 982 358 ..16-

274 507 336 566 que
358 491 513 550 asseverat
536 488 697 552 scholiasta
721 489 760 550 ad
783 487 872 551 Iliad.
896 488 965 552 libr.
989 490 1039 552 III
1062 511 1091 552 v.
1116 493 1179 554 eat
1204 488 1313 566 Behln,
1337 509 1405 552 cum
1428 494 1473 554 di—

275 591 330 656 cit:
357 589 436 672 ‚poci
458 592 582 676 μᾶλλον
604 589 762 658 πειστέον
786 583 994 680 Ἀριστάρχῳ
1017 583 1037 681 ἢ
1058 596 1105 680 τῷ
1124 586 1335 682 εΕρμαιιιιίῳ,
1360 589 1391 660 ct
1414 596 1471 662 aci

275 694 368 761 δοκεῖ
390 689 585 786 ἀληθεύειν(ι
609 699 659 782 (of.
682 701 775 765 schol.
799 703 838 764 ad
859 702 898 765 Il.
922 702 949 779 I,
969 706 1031 766 5⁷2
1056 708 1089 766 et
1111 703 1151 781 ll,
1177 707 1260 782 136).
1288 701 1372 784 Ergo
1395 706 1421 766 si
1444 707 1472 768 ei

274 805 462 884 grammatici
478 806 659 890 scriptorum
682 809 721 870 de
743 809 809 871 rita
831 813 885 872 aut
906 827 982 870 nece
1005 809 1197 886 indicassent,
1220 810 1358 872 futorum
1381 811 1473 874 fuisse

276 919 311 972 ut
346 912 450 990 quanti
489 932 641 994 quemque
673 915 895 992 aestimassent,
929 935 1145 998 saepenumero
1177 900 1472 994 commemoraretur,

276 1033 363 1079 nemo
386 1022 441 1094 est,
474 1018 525 1098 qui
549 1039 610 1082 non
634 1022 813 1104 suspicetur.
859 1022 904 1086 At
927 1041 1000 1084 vero
1023 1022 1109 1085 nulla
1131 1026 1204 1086 sunt
1225 1023 1283 1085 nisi
1307 1023 1472 1086 infirmissi-

275 1142 324 1184 ma
348 1124 436 1187 huius
458 1126 502 1186 rei
526 1126 624 1206 signa!
672 1129 753 1200 Quin
777 1130 867 1192 etiam
891 1129 916 1191 si
940 1128 1061 1190 unicum
1084 1129 1174 1192 huius
1197 1129 1241 1192 rei
1265 1130 1472 1193 testimonium

274 1230 405 1306 abesset,
429 1253 538 1296 vereor
560 1254 599 1296 no
623 1239 720 1297 totum
743 1253 889 1298 canonem
912 1238 1060 1318 perpetua
1083 1235 1236 1299 oblivione
1259 1239 1398 1300 vetustas
1421 1239 1472 1300 oh·

275 1336 378 1402 ruerit.
426 1339 493 1410 Quo
517 1341 590 1421 quid
614 1341 781 1404 mirabilius
804 1342 931 1422 cogitari
954 1340 1076 1424 potest?
1122 1340 1244 1404 Etenim
1268 1362 1309 1404 ex
1333 1344 1472 1406 omnibus

275 1441 481 1524 scriptoribus,
505 1451 654 1528 quotquot
676 1450 714 1510 ad
738 1452 871 1511 nostram
894 1451 1102 1530 pervenerunt
1125 1450 1265 1524 aetatem,
1290 1449 1387 1510 solum
1411 1455 1471 1513 tes·

276 1551 338 1608 tem
352 1548 564 1630 Ruhnkonius,
587 1558 623 1616 ut
638 1554 820 1616 sententiam
835 1574 920 1617 suam
939 1554 1138 1631 confirmaret,
1158 1553 1381 1625 Quintilianum
1401 1575 1469 1636 pro-

274 1653 388 1718 duoero
411 1647 526 1738 potuit.
563 1659 711 1730 Quocirca
733 1662 772 1722 de
796 1662 852 1724 hoc
874 1661 1045 1724 accuratius
1067 1647 1220 1741 agendum
1243 1661 1309 1726 erit.

365 1762 571 1832 Quintilianus
585 1769 745 1846 postquam
768 1766 992 1830 institutionum
1015 1767 1212 1830 oratoriarum
1236 1768 1308 1830 inde
1331 1769 1369 1830 ab
1392 1768 1469 1830 libro

274 1873 382 1930 octavo
397 1871 436 1930 de
451 1870 621 1933 elocutione
636 1871 789 1950 disseruit,
806 1873 906 1935 omnia
920 1873 1065 1954 loquendi
1074 1878 1238 1957 praecepta
1248 1875 1322 1938 satis
1346 1876 1384 1937 ad
1406 1874 1470 1935 vim

274 1974 396 2036 dicendi
409 1994 469 2036 non
484 1977 587 2038 valere
604 1978 691 2042 initio
706 1979 776 2040 libri
791 1979 900 2041 decimi
915 1979 1059 2057 declarat,
1082 1980 1140 2042 nisi
1154 1979 1198 2042 eis
1212 1981 1298 2042 firma
1321 1983 1471 2060 quaedam
1499 2043 1502 2049 .

275 2082 404 2144 facilitas
426 2083 479 2142 vel
504 2076 570 2160 ἕξις
592 2083 777 2148 Graecorum
801 2087 973 2151 accesserit.
1018 2085 1105 2149 Haec
1127 2091 1230 2149 autem
1254 2105 1322 2146 oum
1345 2106 1363 2147 e
1385 2089 1471 2169 copie

275 2190 447 2264 verborum,
481 2210 558 2268 quae
593 2191 706 2272 optima
738 2211 875 2273 quaeque
909 2194 1039 2273 legendo
1072 2193 1282 2272 audiendoque
1314 2193 1469 2268 efficiatur,

274 2298 404 2369 emanet,
440 2314 499 2356 non
532 2298 629 2360 solnm
660 2299 758 2381 potitis
786 2320 894 2362 rerum
918 2321 1040 2384 operam
1063 2299 1129 2362 dari
1152 2299 1243 2362 etiam
1265 2298 1415 2363 historicis
1438 2303 1470 2362 et

275 2401 461 2483 philosophis
502 2407 650 2486 oportere.
705 2407 814 2488 Itaque
847 2409 1019 2472 summatim
1050 2407 1124 2488 quid
1156 2426 1317 2488 aquaque
1340 2406 1471 2470 lectione

275 2511 380 2588 petere
404 2509 528 2588 possint,
563 2512 615 2592 qui
639 2513 815 2576 confirmare
841 2516 962 2577 dicendi
985 2513 1161 2576 facultatem
1184 2513 1291 2590 velint,
1315 2535 1382 2576 sese
1404 2533 1471 2594 per·

275 2619 450 2676 secuturum
474 2637 540 2702 esse
563 2617 716 2699 pollicitus
740 2619 946 2688 Quintilianus
969 2619 1018 2680 ll.
1043 2618 1083 2694 X,
1109 2623 1137 2694 1,
1161 2623 1203 2682 44
1227 2640 1292 2698 sqq.
1315 2623 1470 2700 praestan-

275 2705 406 2784 tissimos
445 2723 615 2804 scriptores,
657 2725 767 2807 quippe
809 2744 877 2786 cum
909 2724 1031 2807 optimis
1062 2723 1298 2784 assuescendum
1322 2727 1354 2782 et
1376 2722 1472 2781 multa

275 2827 381 2908 magis,
413 2849 503 2908 quam
527 2831 689 2892 multorum
712 2831 842 2893 lectione
866 2831 1039 2892 ducendum
1063 2847 1130 2890 esse
1153 2827 1283 2891 colorem
1306 2830 1390 2887 recte
1414 2824 1470 2885 sibi

276 2936 468 3015 persuaserit,
500 2936 630 3018 primum
653 2936 850 3020 Graecorum,
865 2939 975 3000 deinde
997 2935 1175 3016 Latiporum
1198 2931 1350 2994 diiudicat.
1397 2931 1471 2993 Poc-
1501 2957 1504 2968 ·

276 3042 316 3105 tis
338 3042 433 3122 igitur
456 3043 550 3126 epicis
574 3045 711 3107 tractatis
724 3045 924 3128 „Apollonius
947 3045 978 3104 in
1001 3041 1148 3117 ordinem,
1170 3038 1271 3120 inquit
1293 3038 1357 3115 (1.1.
1376 3037 1417 3115 X,
1444 3041 1471 3113 1,

273 3153 341 3228 54),
351 3170 366 3212 a
378 3151 582 3232 grammaticis
596 3153 699 3215 datum
715 3171 776 3213 non
790 3152 885 3228 venit,
901 3151 973 3231 quia
986 3147 1226 3210 Aristarchus
1245 3150 1355 3226 atque
1366 3143 1471 3206 Aris·

277 3259 458 3339 tophanes
474 3261 661 3341 poetarum
677 3258 820 3320 iudices
835 3257 987 3319 neminem
1006 3256 1053 3319 sni
1068 3255 1212 3338 temporis
1230 3253 1266 3314 in
1285 3271 1471 3314 numerum

276 3365 531 3445 redegerunt.“
576 3367 681 3445 Atque
712 3365 802 3446 paulo
825 3365 941 3445 ,postea
972 3362 1025 3441 (X,
1055 3365 1082 3439 1,
1107 3360 1161 3444 59)
1184 3381 1248 3439 „ex
1272 3359 1392 3422 tribus
1414 3376 1470 3416 re-

276 3473 411 3553 ceptis,
426 3473 477 3547 ait,
493 3472 703 3534 Aristarchi
720 3471 856 3534 iudicio
871 3469 1067 3552 scriptoribus
1082 3469 1249 3532 iamborum
1266 3466 1304 3527 ad
1321 3459 1388 3541 ἕξιν
1404 3479 1470 3542 por-

278 3579 390 3641 tinebit
431 3599 508 3639 unus
543 3578 771 3642 Archilochus.“
826 3577 885 3638 His
923 3576 1025 3638 verbis
1064 3576 1148 3639 nisus
1181 3581 1228 3636 est
1259 3567 1470 3630 Ruhnkessissfl·

249 3717 251 3720 ·
277 3688 351 3768 Ipsa
372 3705 445 3747 vero
468 3685 522 3746 illa
545 3685 639 3748 rerba
662 3689 837 3766 „poctarum
859 3683 1002 3758 iudices“,
1026 3701 1103 3762 quae
1126 3683 1156 3741 in
1181 3676 1363 3740 editionibus
1386 3670 1471 3752 Spal-

277 3792 371 3873 dingi,
413 3791 564 3867 Bonnelli,
599 3790 726 3854 aliorum
758 3794 891 3865 exstant,
924 3789 1054 3851 delenda
1087 3790 1165 3847 sunt.
1211 3782 1288 3842 Nam
1321 3798 1388 3840 curn
1421 3776 1471 3836 clii

277 3961 490 3974 .-..-.---..

278 4059 313 4124 lo,
343 4057 413 4126 quod
431 4057 488 4124 ipse
517 4053 609 4108 Cicero
638 4053 715 4123 epist.
743 4055 777 4108 ad
801 4053 865 4106 iam.
884 4051 959 4116 XVI,
981 4049 1012 4107 17
1033 4029 1169 4101 adhibuit:
1208 4044 1295 4111 „liro
1316 4043 1362 4112 qui
1380 4039 1472 4092 κανών
1598 4089 1602 4096 ,

279 4163 337 4202 essa
365 4161 483 4200 meorum
512 4142 671 4212 scriptorum
699 4142 794 4206 solos“‚
824 4139 1040 4210 quotiescumque
1059 4135 1130 4190 inira
1148 4139 1261 4193 utemur.
1282 4133 1320 4186 nil
1339 4132 1392 4186 nisi
1410 4147 1470 4183 nor-

278 4252 351 4290 mam
368 4233 494 4302 intellegi
514 4233 641 4290 volumus.
