3386 4986
694 319 913 376 ..51-

202 516 358 574 testantur
380 509 490 573 Suidas
517 512 553 590 (s.
578 529 607 574 v.
640 501 883 594 Νικόστρατος·
909 499 1056 593 ,ἐτάχθη
1080 503 1114 568 ἐν
1136 509 1209 582 τοῖς
1232 509 1405 590 κριθεῖσιν

205 611 441 700 έπιδεοτέροις
460 612 540 678 δέκα
564 607 750 702 ῥήτορσινίέ)
785 622 817 678 et
839 617 1002 678 scholiasta
1024 614 1150 676 Luciani
1173 613 1212 674 de
1236 615 1335 678 saltat.
1360 618 1403 676 69

203 746 233 805 p.
260 728 323 787 144
346 719 409 787 lac.
432 713 696 807 (,,Νικόστρατος
718 719 775 786 καὶ
793 712 1021 806 Φιλόστρατος
1043 715 1073 784 oi
1100 716 1135 782 ἐν
1157 720 1230 793 τοῖς
1254 714 1266 780 ι’
1289 713 1404 782 νεωτέ-

207 851 278 914 ροις
311 831 492 916 σοφισταῖς
524 825 800 914 transducerem)
826 835 858 892 et
880 829 1084 891 Philostratus
1106 828 1175 890 viu.
1200 827 1284 908 soph.
1308 825 1349 901 11,
1373 829 1402 901 1,

209 939 251 1000 14
266 933 360 1022 (,,τῆς
371 927 528 1010 Ἑλλάδος
542 927 706 1022 καλούσης
723 925 875 1020 Ἡρώδην
898 928 955 996 ἕνα
977 936 1042 996 τῶν
1066 929 1178 1009 δέκαέί)
1202 939 1234 995 et
1257 927 1403 994 Leontius

202 1043 409 1106 ¹Scholasticus
441 1043 657 1124 epigrammate
681 1042 818 1122 (Anthol.
843 1042 907 1106 Pal.
931 1041 1006 1118 VII,
1040 1045 1126 1120 573),
1153 1061 1213 1120 quc
1237 1038 1404 1101 Chiridium

206 1150 361 1212 rhetorem
385 1151 422 1211 ob
447 1150 597 1230 insignem
616 1150 820 1230 eloquentiam
843 1152 876 1210 ct
897 1148 1081 1229 probitatem
1105 1136 1238 1224 ,εἰκόνα
1261 1135 1405 1230 ῥητόρων

209 1255 268 1340 τῆς
299 1251 493 1342 προτέρης
524 1247 682 1332 δεκάδος(
715 1256 804 1320 dixit.
850 1254 911 1317 Sed
940 1256 980 1316 de
1002 1255 1060 1316 hoc
1083 1253 1156 1315 satis
1179 1255 1341 1332 metuoque
1364 1269 1405 1312 nc

208 1361 333 1424 nimium
355 1367 453 1443 putes.

295 1574 528 1636 Transeundum
551 1575 591 1636 ad
613 1571 830 1655 linuriccs,
858 1593 899 1634 ex
922 1573 1034 1652 quibus
1057 1571 1258 1648 Herodotum,
1282 1572 1404 1653 Thucy·

201 1680 317 1756 didem,
341 1680 587 1762 Xenophontem,
609 1681 846 1762 Theopompum,
860 1679 1026 1761 Ephorum,
1041 1679 1275 1755 Anaximenem,
1298 1676 1404 1740 Callis·

209 1787 333 1848 thenem
373 1789 411 1848 ab
451 1786 671 1849 Alexandrinis
712 1789 848 1850 delectos
885 1807 953 1849 esse
990 1786 1194 1848 Ruhnkenins
1231 1784 1402 1847 affirmavit.

206 1892 294 1962 Quae
317 1893 438 1955 nomina
459 1894 542 1954 unde
564 1894 718 1975 petiverit,
741 1895 865 1974 cognitu
888 1894 969 1956 haud
992 1895 1035 1956 ita
1056 1893 1146 1956 facile
1169 1897 1225 1955 est.
1271 1890 1350 1952 Nam
1371 1889 1405 1952 in

208 1998 313 2060 tabula
336 1997 424 2063 Goisl.
448 1999 488 2084 (§.
514 1996 570 2084 11)
595 1994 760 2088 ἱστορικοί
785 1997 798 2062 ι’
820 2005 1030 2083 proponuntur
1052 1994 1287 2084 ,Θονκυδίδης
1306 1987 1403 2083 Ἡρό·

206 2102 311 2183 δοτος,
349 2103 513 2192 Ξενοφῶν,
553 2101 738 2184 Φίλιππος,
779 2097 1158 2192 Θεόπομπος,”Εςοορος,
1183 2095 1403 2190 Ἀναξιμένης,

202 2209 448 2298 Καλλισθένης,
467 2202 665 2290 Ἑλλάνικος,
689 2203 887 2294 Πολύβιος.“
933 2212 1013 2274 Sane
1035 2212 1198 2294 Polybium
1219 2211 1404 2274 Alexandri·

206 2319 238 2378 ni
260 2320 397 2400 recipere
420 2339 482 2381 non
503 2323 677 2400 potuerunt.
723 2319 767 2382 Ut
788 2319 884 2399 igitur
906 2319 1029 2381 tabulae
1049 2316 1138 2380 Ooisl.
1162 2318 1342 2400 scriptorem
1365 2319 1404 2380 de

207 2424 386 2500 oratoribus,
421 2444 548 2504 quorum
579 2445 640 2487 non
673 2427 827 2501 decadem,
860 2426 915 2488 sed
938 2444 1049 2487 novem
1073 2428 1191 2486 tantum
1213 2425 1333 2488 nomina
1354 2423 1404 2486 hic

207 2739 322 2796 Omnino
340 2759 402 2796 vero
421 2757 557 2807 canonem,
577 2757 657 2810 quem
675 2741 852 2798 Ruhnkcnius
870 2743 956 2808 finxit,
976 2743 1028 2798 Dio
1048 2742 1254 2812 Chrysostomus
1273 2740 1317 2808 (cf.
1337 2744 1403 2796 orat.

207 2831 303 2886 XVIII
327 2833 390 2901 περὶ
414 2827 496 2898 λόγον
514 2827 661 2898 δινήσεως)
680 2848 733 2884 non
751 2832 835 2885 novit.
871 2831 995 2900 Namque
1013 2831 1164 2895 Menandri,
1182 2829 1329 2898 Euripidis,
1347 2829 1403 2884 Ho-

207 2921 282 2984 meri,
301 2919 441 2984 Herodoti,
460 2918 631 2988 Thucydidis,
650 2919 823 2988 Theopompi,
841 2919 1089 2984 Demosthenis,
1109 2919 1242 2988 Lysiae,
1262 2917 1403 2988 Hyperi-

208 3006 271 3072 dis,
297 3007 485 3074 Aeschinis,
512 3007 670 3078 Lycurgi,
696 3005 851 3079 Antipatri,
868 3007 1008 3071 Theodori,
1027 3005 1169 3068 Plutionis,
1188 3005 1305 3061 Cononis
1323 3035 1357 3044 -
1375 3005 1405 3059 hi

207 3098 270 3146 sunt
293 3095 413 3149 rhetores
438 3097 599 3150 recentiores
619 3125 652 3135 —
671 3095 754 3148 libros
772 3095 938 3164 pervolutari
956 3111 1111 3163 summoque
1130 3095 1218 3148 studio
1236 3093 1293 3162 legi
1311 3091 1404 3148 iussit!

211 3179 284 3245 Quae
309 3199 368 3236 cum
396 3185 436 3236 ita
461 3185 525 3249 sint,
550 3185 635 3253 primo
659 3189 766 3238 nostrae
785 3185 883 3238 aetatis
902 3183 1009 3248 saeculo
1028 3183 1160 3252 dignitate
1179 3184 1258 3238 decas
1274 3182 1348 3236 haud
1365 3183 1405 3238 ita

208 3271 325 3324 multum
352 3272 479 3338 pollebat.
517 3272 570 3325 Sed
588 3274 708 3326 rhetores
727 3273 810 3327 ctiam
827 3273 987 3341 posteriores
1006 3273 1035 3325 in
1054 3271 1180 3340 exemplis
1199 3270 1352 3326 derivandis
1370 3269 1408 3326 εδ

204 3375 327 3414 normam
352 3358 460 3414 decadis
484 3375 674 3428 saepenumero
699 3377 756 3414 sese
783 3377 836 3416 non
861 3361 1062 3415 adstrinxerunt
1089 3359 1133 3430 (cf.
1153 3361 1285 3416 Maiarum
1303 3361 1322 3416 l.
1341 3362 1360 3417 l.
1379 3378 1405 3431 p.

208 3449 269 3516 134)
289 3463 375 3516 neque
390 3447 575 3515 Hermogenes
593 3451 656 3517 περὶ
674 3447 758 3500 ἰδεοῒν
776 3449 813 3515 ΙΙ,
835 3451 867 3504 11
886 3449 979 3518 (rhett.
999 3448 1093 3505 Gracc.
1113 3450 1165 3504 vol.
1184 3449 1213 3502 II
1231 3466 1259 3518 p.
1275 3450 1328 3506 415
1347 3447 1405 3521 sqq'.

205 3538 318 3607 Speng.)
332 3537 425 3591 decem
443 3539 578 3590 oratorum
596 3537 776 3592 coniunctioni
795 3538 909 3592 Critiam
928 3537 1034 3590 adicere
1053 3538 1154 3592 veritus
1173 3540 1222 3604 est,
1241 3538 1281 3594 ita
1299 3544 1331 3594 ut
1348 3541 1402 3594 De·

208 3627 344 3682 mostheni
361 3627 470 3696 primes,
490 3632 563 3688 ,τοῖς
581 3624 681 3684 λοιποῖς
699 3631 757 3678 τοῖν
775 3625 858 3678 δέκα(
876 3625 1016 3692 secundas,
1033 3625 1132 3681 Critiae
1150 3627 1246 3682 tertias
1264 3628 1404 3686 tribueret.

211 3714 311 3770 Contra
335 3715 468 3784 imprimis
495 3719 539 3778 „oi
561 3713 732 3768 Ἀττικισταί“
754 3715 802 3784 qui
820 3715 954 3780 dicuntur,
975 3715 1093 3770 effecisse
1112 3715 1244 3781 videntur,
1264 3721 1296 3772 ut
1313 3717 1405 3772 decem

211 3808 345 3858 craterum
369 3822 455 3860 canon
479 3805 591 3860 valeret.
629 3802 746 3868 Quorsus
764 3805 844 3869 enim,
864 3804 981 3873 inquam,
1001 3804 1036 3857 ad
1054 3804 1242 3860 anctoritatem
1259 3804 1406 3874 Phrynichi

210 3893 308 3960 quippe
326 3894 373 3962 qui
390 3893 567 3964 ,εἰλικρινοῦς
585 3895 630 3945 καὶ
648 3895 777 3963 καθαροῦ
793 3895 838 3944 καὶ
846 3890 964 3944 Ἀττικοῦ
981 3890 1063 3961 λόγον
1081 3890 1197 3951 κανόνας
1215 3894 1259 3944 καὶ
1278 3890 1405 3962 στάθμας

210 3980 255 4029 καὶ
272 3979 447 4050 παράδειγμα
457 3982 636 4052 Δημοσθένην
653 3980 726 4052 preto*
745 3986 793 4034 reri
812 3979 956 4052 ῥητορικοῦ
974 3986 1031 4033 τῶν
1049 3980 1129 4033 ἐννέα
1146 3985 1252 4051 χοροῦέί
1272 3995 1404 4036 commen·

210 4065 308 4131 desset,
337 4068 447 4121 Photius
474 4070 597 4126 biblioth.
622 4070 680 4126 cod.
705 4071 738 4126 61
769 4088 795 4141 p.
822 4072 857 4126 20
881 4069 1106 4139 Βε11.(ο1.οοδ.
1126 4070 1221 4138 148η).
1241 4069 1290 4124 101
1310 4069 1404 4139 Beki.)

209 4170 257 4208 nos
282 4155 435 4209 revocavit?
471 4158 646 4213 Ruhnkenius
674 4177 735 4214 vero
763 4177 822 4214 cum
850 4161 912 4226 alia,
942 4177 1009 4228 quae
1037 4159 1128 4228 paucis
1156 4158 1326 4224 absolvimus,
1346 4162 1405 4214 tum

211 4243 290 4296 Photi
310 4245 391 4297 verba
409 4245 479 4313 quod
496 4248 624 4315 neglexit,
644 4249 788 4304 dolendum
807 4254 856 4304 est.

1190 4334 1227 4386 4*
